2692 4850
286 304 583 387 ernanus
624 298 1004 392 arescusae.
1095 314 1157 381 ιο,
1245 361 1249 368 ,

61 561 65 572 ·
130 502 210 584 Non
230 505 293 576 tibi
311 522 379 593 per
399 494 557 567 tenebras
579 487 718 556 dabitur
739 482 923 552 reseranda
941 484 1054 550 mariti

190 620 318 687 Januaa
343 632 415 678 non
437 591 548 676 eustos
571 592 898 687 decipienduserit.
983 676 985 679 Ι

129 728 178 799 Ut
196 724 309 794 tenuit
328 717 453 785 domus
471 735 541 779 una
562 705 667 790 duos,
690 701 810 771 domus
831 725 900 766 una
921 680 1065 766 tenebit.

130 865 132 874 <
191 830 318 905 Oscula
338 839 456 914 aperta
476 809 743 888 dabaasoscula
763 825 883 899 aperta
904 804 1013 872 dabis.

128 947 239 1018 ,Tutus
260 939 328 1008 eris
346 952 500 1012 meeum,
520 919 727 1013 laudemque
746 919 922 986 merebere
943 911 1068 1006 culpae
1101 907 1164 982 145

194 1052 253 1118 Tu
272 1046 355 1112 licet
374 1039 414 1105 in
435 1034 526 1102 lecto
546 1029 761 1119 conspiciare
781 1049 868 1103 meo,
917 1060 922 1074 ·
1141 1019 1148 1030 “

73 1192 76 1202 ·
126 1155 230 1236 ,Tolle
250 1171 361 1220 moras
383 1160 539 1220 tantum,
559 1123 811 1235 properataque
833 1131 971 1206 foedera
991 1134 1108 1219 junge.

192 1263 266 1355 Qui
284 1256 373 1332 mihi
394 1269 479 1322 tune
497 1247 622 1335 saevit,
645 1246 695 1311 sie
716 1243 782 1312 tibi
802 1245 922 1338 parcat
942 1240 1061 1309 Amor.

127 1488 217 1560 ambo
249 1475 450 1543 laudabimur,
479 1481 509 1529 et
537 1471 631 1530 dicent
659 1470 808 1548 Pignorius
832 1477 861 1532 et
880 1465 962 1523 Titus
989 1465 1097 1541 Popma
1116 1464 1162 1520 De

130 1595 180 1634 me
209 1570 298 1629 fidam
323 1574 472 1619 novercam
495 1573 555 1611 ⁶⁸⁵ss
580 1553 632 1610 tibi
661 1575 808 1616 servorum
818 1553 920 1630 operis.
933 1547 1165 1608 GibbonVerval

127 1653 262 1740 privigno
286 1663 335 1710 me
356 1641 476 1711 invicem
507 1636 632 1708 amanti,
663 1640 714 1696 des
739 1636 918 1695 Roomscbeu
936 1634 1005 1710 rijks
1031 1630 1164 1690 D.1.ht

129 1761 198 1803 eum
218 1747 357 1796 noverca
381 1723 468 1801 vulgo
487 1718 562 1778 male
588 1738 637 1773 au·
665 1742 706 1795 9⁰·
723 1719 824 1795 rlg.de
836 1718 959 1796 Burigny
971 1720 1104 1780 Tonas.
1127 1715 1164 1773 de

24 1827 29 1838 '
131 1823 230 1893 diam,
248 1830 278 1875 et
302 1833 368 1874 rara
388 1809 425 1868 sit
449 1818 638 1866 novercarum
653 1803 838 1862 ‘l’Acadcmie
858 1795 907 1859 des
920 1802 1165 1880 Inscriptionsete

132 1920 163 1968 et
182 1903 378 1985 privignorum
400 1892 497 1969 gratia.
593 1957 597 1966 ι
706 1892 762 1954 143.
791 1890 829 1943 Ut
844 1892 930 1943 tarnat
939 1897 990 1942 etc.
1008 1888 1087 1942 Sicut
1096 1886 1165 1944 alias

166 1991 331 2067 Amplexos,
365 1977 456 2036 Multa
480 1981 548 2034 sunt
571 1973 636 2032 ver·
667 1988 780 2028 mecum
801 1968 878 2026 suisti
898 1968 927 2022 in
953 1969 1050 2025 eadem
1080 1971 1166 2026 domo

131 2077 189 2148 ha,
215 2070 309 2149 inquit
333 2062 461 2123 Periaun.
486 2057 524 2115 ad
544 2055 635 2118 Senot.
667 2052 761 2112 Patris
781 2054 839 2123 tui,
856 2051 895 2107 ita
912 2068 986 2108 nunc
1001 2052 1119 2121 erimus,
1136 2062 1166 2109 et

131 2161 252 2218 Minerv.
275 2155 307 2212 L
325 2159 374 2218 111*
397 2163 422 2202 e.
439 2165 463 2201 a.
488 2151 535 2197 119.
554 2146 580 2200 3.
604 2159 635 2215 p·
667 2137 759 2208 nihii,
776 2135 855 2212 quod
872 2134 1021 2205 faciemus,
1040 2134 1095 2189 erit
1117 2153 1167 2191 su.

130 2265 170 2310 m
188 2248 258 2309 230,
284 2250 357 2311 quae
381 2233 425 2288 ret
450 2237 566 2283 mutuae
583 2221 637 2279 ha·
667 2231 803 2300 spectum.
819 2216 938 2275 Hubert

129 2326 203 2384 bent
220 2314 470 2397 significationem,
491 2320 521 2365 et
529 2308 636 2365 ideoin
700 2310 815 2382 Aperta
829 2305 937 2372 dabas,
962 2302 992 2367 in
1018 2309 1172 2377 conspectu

128 2409 244 2492 pmivo
256 2403 431 2483 potissimum
445 2391 632 2459 adhibentur,
667 2389 793 2447 omnium
805 2431 815 2462 ,
842 2406 879 2446 er
910 2384 1012 2459 affectu
1039 2386 1171 2447 caritatis.

81 2520 87 2533 ¹
131 2494 184 2554 sed
215 2490 336 2565 figurate
371 2501 437 2539 cum
469 2477 634 2536 accusativo.
666 2472 786 2541 Hubert,

131 2575 217 2635 Talia
246 2581 314 2633 sunt
340 2567 491 2646 amplecti,
515 2562 639 2629 oseulari
704 2558 809 2616 Oscula
828 2569 929 2636 aperta
945 2557 1037 2621 dabis.
1072 2556 1115 2614 Ex
1128 2553 1173 2613 as·

131 2675 189 2725 βω,
668 2642 744 2702 fectu
761 2645 864 2700 amoris
883 2645 1016 2701 Venerei.
1034 2642 1078 2700 Id
1120 2710 1123 2713 ¹

152 2749 230 2813 eds.
248 2740 307 2805 Per
324 2736 460 2795 tenebras.
495 2732 640 2808 Tempore
718 2734 784 2796 πίῃ,
806 2733 863 2794 148.
891 2730 972 2784 Tolle
990 2746 1085 2789 naor-as
1106 2739 1173 2785 tan-

132 2839 286 2889 nocturno.
308 2820 480 2879 Reseranda.
498 2814 640 2892 Aperiens
670 2821 729 2872 tam
750 2820 802 2866 etc
838 2810 913 2866 Cum
934 2812 1019 2887 igitur
1037 2830 1071 2868 eo
1090 2820 1174 2888 pacto

134 2915 183 2973 da.
205 2907 476 2967 Marsa-ransc.
506 2898 642 2975 Arguita
673 2911 726 2951 nec
752 2891 849 2951 salutis
879 2912 932 2953 nec
957 2897 1049 2954 famae
1076 2892 1177 2953 discri-

133 2994 271 3055 sacilitate
291 2987 406 3063 negotii.
438 2984 529 3057 Dicit,
546 2980 642 3059 quod,
673 2995 741 3034 men
763 2975 880 3048 subeas,
906 2979 956 3037 sed
976 2972 1038 3037 tuto
1063 2999 1177 3036 mecum

136 3099 206 3138 cum
234 3070 317 3132 ambo
343 3070 401 3124 sint
419 3070 451 3125 in
468 3068 569 3125 eadem
588 3065 643 3122 do·
673 3060 705 3118 in
725 3061 827 3123 eodem
846 3064 971 3125 conclavi
990 3065 1115 3135 versari,
1133 3062 1177 3120 lu-

136 3182 209 3233 mo,
227 3175 287 3214 non
304 3150 359 3208 erit
376 3150 498 3207 multum
513 3148 646 3208 laboran-
676 3144 743 3202 dere
762 3158 792 3202 et
812 3148 900 3225 jocari
915 3149 1023 3229 possis,
1040 3150 1178 3225 quoniam

140 3246 229 3316 dum,
248 3249 282 3296 ut
292 3232 398 3293 habeat
409 3232 516 3291 aditum
529 3234 566 3291 ad
578 3253 646 3290 con·
675 3232 814 3308 nequitias
830 3244 940 3295 nostras
957 3246 1071 3292 mutuae
1086 3233 1179 3310 pieta·

140 3328 269 3389 cubitum
280 3317 444 3389 Phaedrae,
464 3318 647 3394 quemadmo-
678 3317 714 3374 tis
738 3328 767 3374 et
786 3317 979 3378 observantiae
1007 3320 1180 3394 interpretes

143 3413 214 3469 dnm
233 3424 318 3484 saepe
339 3399 470 3461 laborant
490 3400 537 3457 alii
552 3419 649 3457 amau·
679 3421 740 3459 esse
764 3404 945 3478 judicabunt,
971 3410 1112 3479 quotquot
1133 3397 1181 3463 vel

145 3505 194 3553 tes.
208 3490 326 3551 Hubert.
344 3487 378 3545 cf.
390 3484 496 3544 Tibull.
509 3483 647 3562 eleget.
680 3483 828 3551 blanditias
847 3487 894 3546 vel
906 3485 1053 3563 amplexus
1070 3494 1182 3542 nostros

146 3578 188 3635 Et
209 3596 233 3635 a.
262 3594 301 3636 vs.
321 3596 347 3645 7.
374 3592 413 3649 sq.
446 3571 531 3629 Ovid.
556 3572 590 3626 A.
613 3569 657 3623 Ar
681 3568 949 3642 animadverterint3
972 3570 1016 3627 iac
1034 3587 1070 3624 ne
1095 3567 1182 3624 mini·

148 3659 180 3718 1..
189 3660 225 3727 Π,
243 3679 286 3722 vs.
299 3661 358 3717 635.
377 3669 406 3715 ct
424 3656 454 3723 L„
465 3657 515 3713 111.
535 3675 577 3715 vs.
591 3661 648 3729 587.
681 3674 757 3710 ruam
768 3656 882 3731 quidem
891 3674 1001 3712 moram
1010 3653 1181 3729 interponas,

188 3747 244 3809 suar
272 3746 372 3803 Custos
395 3762 492 3800 servus
510 3740 649 3818 pessimae
682 3740 847 3818 quiequam
862 3743 987 3818 primum
1006 3735 1181 3814 voluptatem

151 3824 315 3889 conditionis
336 3826 412 3903 apud
429 3826 580 3884 Romanos.
603 3825 650 3884 De
682 3826 743 3884 aliis
757 3823 887 3884 omnihus
908 3833 1064 3882 antevertas
1080 3820 1182 3880 rebus:

152 3908 242 3969 servis
270 3910 461 3967 Romanorum
493 3909 528 3969 V.
559 3910 651 3988 Span-
681 3908 849 3970 Verendum
866 3910 946 3965 *enim
969 3920 1029 3980 est,
1048 3926 1084 3965 ne
1105 3907 1181 3964 idem

150 3991 229 4059 heim
258 3990 343 4097 Qrbis
365 3994 445 4060 Roru
468 3994 537 4057 ul.
563 4014 587 4057 c.
611 3999 652 4059 ra.
681 3997 790 4070 Amor,
818 3995 868 4076 qui
888 4014 934 4055 me
949 4013 1024 4052 nunc
1045 4005 1128 4057 vexat
1154 3999 1184 4047 et
