<?xml version="1.0" encoding="UTF-8"?>
<!DOCTYPE html PUBLIC "-//W3C//DTD XHTML 1.0 Transitional//EN"
    "http://www.w3.org/TR/xhtml1/DTD/xhtml1-transitional.dtd">
<html xmlns="http://www.w3.org/1999/xhtml" xml:lang="en" lang="en">
 <head>
  <title>
</title>
<meta http-equiv="Content-Type" content="text/html;charset=utf-8" />
  <meta name='ocr-system' content='tesseract 3.04.00' />
  <meta name='ocr-capabilities' content='ocr_page ocr_carea ocr_par ocr_line ocrx_word'/>
</head>
<body>
  <div class='ocr_page' id='page_1' title='image "./povidiinasonish01terpgoog_0563.png"; bbox 0 0 2692 4850; ppageno 0'>
   <div class='ocr_carea' id='block_1_1' title="bbox 312 323 1310 405">
    <p class='ocr_par' dir='ltr' id='par_1_1' title="bbox 312 323 1310 405">
     <span class='ocr_line' id='line_1_1' title="bbox 312 323 1310 405; baseline 0.002 -1"><span class='ocrx_word' id='word_1_1' title='bbox 312 329 644 404; x_wconf 75' lang='lat' dir='ltr'>Acouurus</span> <span class='ocrx_word' id='word_1_2' title='bbox 689 332 1014 403; x_wconf 64' lang='lat' dir='ltr'>armaria.</span> <span class='ocrx_word' id='word_1_3' title='bbox 1122 334 1188 405; x_wconf 76' lang='lat' dir='ltr'>ars</span> <span class='ocrx_word' id='word_1_4' title='bbox 1308 323 1310 350; x_wconf 73' lang='lat'>.</span> 
     </span>
    </p>
   </div>
   <div class='ocr_carea' id='block_1_2' title="bbox 122 514 1184 1135">
    <p class='ocr_par' dir='ltr' id='par_1_2' title="bbox 127 514 1184 715">
     <span class='ocr_line' id='line_1_2' title="bbox 127 514 1182 614; baseline 0 -26"><span class='ocrx_word' id='word_1_5' title='bbox 127 519 216 589; x_wconf 77' lang='lat' dir='ltr'>Non</span> <span class='ocrx_word' id='word_1_6' title='bbox 237 538 331 601; x_wconf 84' lang='lat' dir='ltr'>sum,</span> <span class='ocrx_word' id='word_1_7' title='bbox 363 516 425 609; x_wconf 82' lang='lat' dir='ltr'>qui</span> <span class='ocrx_word' id='word_1_8' title='bbox 446 515 570 584; x_wconf 84' lang='lat' dir='ltr'>soleam</span> <span class='ocrx_word' id='word_1_9' title='bbox 591 514 726 584; x_wconf 86' lang='lat' dir='ltr'>Paridis</span> <span class='ocrx_word' id='word_1_10' title='bbox 746 518 1008 614; x_wconf 86' lang='lat' dir='ltr'>reprehendere</span> <span class='ocrx_word' id='word_1_11' title='bbox 1031 519 1182 588; x_wconf 70' lang='lat' dir='ltr'>factumn</span> 
     </span>
     <span class='ocr_line' id='line_1_3' title="bbox 201 622 1184 715; baseline 0.004 -22"><span class='ocrx_word' id='word_1_12' title='bbox 201 625 276 693; x_wconf 81' lang='lat' dir='ltr'>Nec</span> <span class='ocrx_word' id='word_1_13' title='bbox 298 633 522 715; x_wconf 83' lang='lat' dir='ltr'>quemquam,</span> <span class='ocrx_word' id='word_1_14' title='bbox 546 624 607 714; x_wconf 92' lang='lat' dir='ltr'>qui</span> <span class='ocrx_word' id='word_1_15' title='bbox 627 622 705 698; x_wconf 80' lang='lat' dir='ltr'>vir,</span> <span class='ocrx_word' id='word_1_16' title='bbox 727 626 836 711; x_wconf 84' lang='lat' dir='ltr'><strong>possit</strong></span> <span class='ocrx_word' id='word_1_17' title='bbox 856 643 896 692; x_wconf 92' lang='lat' dir='ltr'>ut</span> <span class='ocrx_word' id='word_1_18' title='bbox 916 652 1007 713; x_wconf 84' lang='lat' dir='ltr'>erse,</span> <span class='ocrx_word' id='word_1_19' title='bbox 1030 628 1107 695; x_wconf 85' lang='lat' dir='ltr'>fuit.</span> <span class='ocrx_word' id='word_1_20' title='bbox 1141 634 1184 699; x_wconf 77' lang='lat' dir='ltr'>do</span> 
     </span>
    </p>

    <p class='ocr_par' dir='ltr' id='par_1_3' title="bbox 124 728 1132 928">
     <span class='ocr_line' id='line_1_4' title="bbox 124 728 1132 828; baseline -0.002 -25"><span class='ocrx_word' id='word_1_21' title='bbox 124 733 206 803; x_wconf 82' lang='lat' dir='ltr'>Noa</span> <span class='ocrx_word' id='word_1_22' title='bbox 227 755 384 825; x_wconf 73' lang='lat' dir='ltr'>quoquot</span> <span class='ocrx_word' id='word_1_23' title='bbox 408 731 469 800; x_wconf 89' lang='lat' dir='ltr'>sed</span> <span class='ocrx_word' id='word_1_24' title='bbox 493 750 599 800; x_wconf 87' lang='lat' dir='ltr'>taceo.</span> <span class='ocrx_word' id='word_1_25' title='bbox 621 752 712 795; x_wconf 87' lang='lat' dir='ltr'>mors</span> <span class='ocrx_word' id='word_1_26' title='bbox 734 728 837 814; x_wconf 88' lang='lat' dir='ltr'>hujus</span> <span class='ocrx_word' id='word_1_27' title='bbox 858 757 970 819; x_wconf 87' lang='lat' dir='ltr'>poena</span> <span class='ocrx_word' id='word_1_28' title='bbox 991 736 1132 828; x_wconf 81' lang='lat' dir='ltr'><strong>rapinae</strong></span> 
     </span>
     <span class='ocr_line' id='line_1_5' title="bbox 198 836 1065 928; baseline 0.002 -22"><span class='ocrx_word' id='word_1_29' title='bbox 198 839 248 906; x_wconf 90' lang='lat' dir='ltr'>Ut</span> <span class='ocrx_word' id='word_1_30' title='bbox 268 839 333 917; x_wconf 86' lang='lat' dir='ltr'>sit,</span> <span class='ocrx_word' id='word_1_31' title='bbox 355 840 442 921; x_wconf 87' lang='lat' dir='ltr'>erit,</span> <span class='ocrx_word' id='word_1_32' title='bbox 465 864 567 928; x_wconf 89' lang='lat' dir='ltr'>quam</span> <span class='ocrx_word' id='word_1_33' title='bbox 588 855 622 907; x_wconf 87' lang='lat' dir='ltr'>te</span> <span class='ocrx_word' id='word_1_34' title='bbox 644 861 716 905; x_wconf 90' lang='lat' dir='ltr'>non</span> <span class='ocrx_word' id='word_1_35' title='bbox 737 836 919 922; x_wconf 83' lang='lat' dir='ltr'>habuisse,</span> <span class='ocrx_word' id='word_1_36' title='bbox 940 841 1065 909; x_wconf 87' lang='lat' dir='ltr'>minor.</span> 
     </span>
    </p>

    <p class='ocr_par' dir='ltr' id='par_1_4' title="bbox 122 943 1001 1135">
     <span class='ocr_line' id='line_1_6' title="bbox 122 943 1001 1032; baseline -0.003 -15"><span class='ocrx_word' id='word_1_37' title='bbox 122 946 207 1017; x_wconf 83' lang='lat' dir='ltr'>Aut</span> <span class='ocrx_word' id='word_1_38' title='bbox 225 970 313 1015; x_wconf 86' lang='lat' dir='ltr'>esses</span> <span class='ocrx_word' id='word_1_39' title='bbox 335 946 482 1013; x_wconf 85' lang='lat' dir='ltr'>formosa</span> <span class='ocrx_word' id='word_1_40' title='bbox 500 946 633 1026; x_wconf 88' lang='lat' dir='ltr'>minus,</span> <span class='ocrx_word' id='word_1_41' title='bbox 655 959 815 1032; x_wconf 76' lang='lat' dir='ltr'>peterere</span> <span class='ocrx_word' id='word_1_42' title='bbox 836 943 1001 1015; x_wconf 72' lang='lat' dir='ltr'>modeste.</span> 
     </span>
     <span class='ocr_line' id='line_1_7' title="bbox 199 1050 825 1135; baseline -0.008 -16"><span class='ocrx_word' id='word_1_43' title='bbox 199 1050 358 1127; x_wconf 65' lang='lat' dir='ltr'>Audaces</span> <span class='ocrx_word' id='word_1_44' title='bbox 379 1051 467 1117; x_wconf 78' lang='lat' dir='ltr'>facie</span> <span class='ocrx_word' id='word_1_45' title='bbox 490 1051 641 1135; x_wconf 82' lang='lat' dir='ltr'>cogimur</span> <span class='ocrx_word' id='word_1_46' title='bbox 662 1074 734 1117; x_wconf 85' lang='lat' dir='ltr'>esse</span> <span class='ocrx_word' id='word_1_47' title='bbox 757 1067 825 1116; x_wconf 88' lang='lat' dir='ltr'>tua.</span> 
     </span>
    </p>
   </div>
   <div class='ocr_carea' id='block_1_3' title="bbox 125 1154 1182 1368">
    <p class='ocr_par' dir='ltr' id='par_1_5' title="bbox 125 1154 1182 1368">
     <span class='ocr_line' id='line_1_8' title="bbox 125 1154 1182 1247; baseline 0.009 -21"><span class='ocrx_word' id='word_1_48' title='bbox 125 1159 196 1242; x_wconf 29' lang='lat' dir='ltr'>&#39;Tu</span> <span class='ocrx_word' id='word_1_49' title='bbox 217 1155 301 1224; x_wconf 79' lang='lat' dir='ltr'>facis</span> <span class='ocrx_word' id='word_1_50' title='bbox 322 1155 409 1240; x_wconf 83' lang='lat' dir='ltr'>hoc,</span> <span class='ocrx_word' id='word_1_51' title='bbox 433 1154 592 1246; x_wconf 87' lang='lat' dir='ltr'>oculique</span> <span class='ocrx_word' id='word_1_52' title='bbox 608 1157 679 1222; x_wconf 76' lang='lat' dir='ltr'>tui:</span> <span class='ocrx_word' id='word_1_53' title='bbox 705 1160 831 1247; x_wconf 84' lang='lat' dir='ltr'>quibus</span> <span class='ocrx_word' id='word_1_54' title='bbox 852 1159 951 1246; x_wconf 82' lang='lat' dir='ltr'>ignea</span> <span class='ocrx_word' id='word_1_55' title='bbox 974 1163 1104 1232; x_wconf 85' lang='lat' dir='ltr'>cedunt</span> <span class='ocrx_word' id='word_1_56' title='bbox 1137 1167 1182 1235; x_wconf 78' lang='lat'>55</span> 
     </span>
     <span class='ocr_line' id='line_1_9' title="bbox 201 1260 985 1368; baseline 0.005 -34"><span class='ocrx_word' id='word_1_57' title='bbox 201 1260 346 1349; x_wconf 84' lang='lat' dir='ltr'>Sidera3</span> <span class='ocrx_word' id='word_1_58' title='bbox 371 1263 432 1354; x_wconf 88' lang='lat' dir='ltr'>qui</span> <span class='ocrx_word' id='word_1_59' title='bbox 454 1263 609 1330; x_wconf 87' lang='lat' dir='ltr'>flammae</span> <span class='ocrx_word' id='word_1_60' title='bbox 631 1287 746 1331; x_wconf 82' lang='lat' dir='ltr'>caussa</span> <span class='ocrx_word' id='word_1_61' title='bbox 765 1266 861 1335; x_wconf 84' lang='lat' dir='ltr'>suere</span> <span class='ocrx_word' id='word_1_62' title='bbox 881 1292 985 1368; x_wconf 77' lang='lat' dir='ltr'>meae.</span> 
     </span>
    </p>
   </div>
   <div class='ocr_carea' id='block_1_4' title="bbox 122 1508 1186 3692">
    <p class='ocr_par' dir='ltr' id='par_1_6' title="bbox 127 1508 1186 2086">
     <span class='ocr_line' id='line_1_10' title="bbox 172 1508 1186 1589; baseline 0.001 -18"><span class='ocrx_word' id='word_1_63' title='bbox 172 1524 216 1589; x_wconf 60' lang='lat'>49</span> <span class='ocrx_word' id='word_1_64' title='bbox 244 1517 312 1571; x_wconf 81' lang='lat' dir='ltr'>Non</span> <span class='ocrx_word' id='word_1_65' title='bbox 332 1528 400 1569; x_wconf 69' lang='lat' dir='ltr'>swa</span> <span class='ocrx_word' id='word_1_66' title='bbox 434 1508 500 1566; x_wconf 85' lang='lat' dir='ltr'>Non</span> <span class='ocrx_word' id='word_1_67' title='bbox 526 1508 643 1568; x_wconf 87' lang='lat' dir='ltr'>ismihi</span> <span class='ocrx_word' id='word_1_68' title='bbox 675 1508 778 1568; x_wconf 84' lang='lat' dir='ltr'>Sensus</span> <span class='ocrx_word' id='word_1_69' title='bbox 811 1520 906 1569; x_wconf 88' lang='lat' dir='ltr'>autem</span> <span class='ocrx_word' id='word_1_70' title='bbox 932 1512 1084 1573; x_wconf 83' lang='lat' dir='ltr'>verborum</span> <span class='ocrx_word' id='word_1_71' title='bbox 1115 1524 1186 1580; x_wconf 71' lang='lat' dir='ltr'>ests,</span> 
     </span>
     <span class='ocr_line' id='line_1_11' title="bbox 129 1593 1180 1672; baseline -0.003 -13"><span class='ocrx_word' id='word_1_72' title='bbox 129 1611 181 1659; x_wconf 72' lang='lat' dir='ltr'>est</span> <span class='ocrx_word' id='word_1_73' title='bbox 205 1597 336 1667; x_wconf 73' lang='lat' dir='ltr'>enimus,</span> <span class='ocrx_word' id='word_1_74' title='bbox 367 1614 426 1653; x_wconf 88' lang='lat' dir='ltr'>nou</span> <span class='ocrx_word' id='word_1_75' title='bbox 455 1615 490 1651; x_wconf 91' lang='lat' dir='ltr'>eo</span> <span class='ocrx_word' id='word_1_76' title='bbox 513 1613 579 1667; x_wconf 79' lang='lat' dir='ltr'>sum</span> <span class='ocrx_word' id='word_1_77' title='bbox 601 1593 644 1650; x_wconf 89' lang='lat' dir='ltr'>in·</span> <span class='ocrx_word' id='word_1_78' title='bbox 674 1593 751 1649; x_wconf 87' lang='lat' dir='ltr'>Licet</span> <span class='ocrx_word' id='word_1_79' title='bbox 779 1612 857 1651; x_wconf 90' lang='lat' dir='ltr'>mors</span> <span class='ocrx_word' id='word_1_80' title='bbox 885 1595 955 1651; x_wconf 77' lang='lat' dir='ltr'>mihi</span> <span class='ocrx_word' id='word_1_81' title='bbox 981 1615 1074 1672; x_wconf 85' lang='lat' dir='ltr'>poena</span> <span class='ocrx_word' id='word_1_82' title='bbox 1099 1597 1180 1656; x_wconf 79' lang='lat' dir='ltr'>futu·</span> 
     </span>
     <span class='ocr_line' id='line_1_12' title="bbox 128 1675 1179 1762; baseline -0.001 -22"><span class='ocrx_word' id='word_1_83' title='bbox 128 1683 227 1762; x_wconf 79' lang='lat' dir='ltr'>genio.</span> <span class='ocrx_word' id='word_1_84' title='bbox 255 1681 292 1758; x_wconf 93' lang='lat' dir='ltr'>V</span> <span class='ocrx_word' id='word_1_85' title='bbox 319 1681 415 1742; x_wconf 81' lang='lat' dir='ltr'>Vorst</span> <span class='ocrx_word' id='word_1_86' title='bbox 433 1677 469 1735; x_wconf 88' lang='lat' dir='ltr'>de</span> <span class='ocrx_word' id='word_1_87' title='bbox 494 1677 643 1736; x_wconf 77' lang='lat' dir='ltr'>Latinitate</span> <span class='ocrx_word' id='word_1_88' title='bbox 673 1675 785 1745; x_wconf 78' lang='lat' dir='ltr'>rasit,</span> <span class='ocrx_word' id='word_1_89' title='bbox 812 1677 879 1752; x_wconf 88' lang='lat' dir='ltr'>quia</span> <span class='ocrx_word' id='word_1_90' title='bbox 902 1688 930 1733; x_wconf 89' lang='lat' dir='ltr'>te</span> <span class='ocrx_word' id='word_1_91' title='bbox 952 1679 1050 1753; x_wconf 72' lang='lat' dir='ltr'>rapui3</span> <span class='ocrx_word' id='word_1_92' title='bbox 1067 1680 1114 1738; x_wconf 78' lang='lat' dir='ltr'>itta</span> <span class='ocrx_word' id='word_1_93' title='bbox 1136 1693 1179 1739; x_wconf 85' lang='lat' dir='ltr'>ta·</span> 
     </span>
     <span class='ocr_line' id='line_1_13' title="bbox 127 1760 1179 1842; baseline -0.002 -17"><span class='ocrx_word' id='word_1_94' title='bbox 127 1767 208 1826; x_wconf 83' lang='lat' dir='ltr'>salso</span> <span class='ocrx_word' id='word_1_95' title='bbox 230 1775 359 1842; x_wconf 80' lang='lat' dir='ltr'>suspecta</span> <span class='ocrx_word' id='word_1_96' title='bbox 375 1768 432 1821; x_wconf 83' lang='lat' dir='ltr'>c5.</span> <span class='ocrx_word' id='word_1_97' title='bbox 451 1760 529 1819; x_wconf 92' lang='lat' dir='ltr'>Oud.</span> <span class='ocrx_word' id='word_1_98' title='bbox 566 1762 642 1817; x_wconf 84' lang='lat' dir='ltr'>Dicit</span> <span class='ocrx_word' id='word_1_99' title='bbox 675 1777 742 1815; x_wconf 83' lang='lat' dir='ltr'>meu</span> <span class='ocrx_word' id='word_1_100' title='bbox 762 1778 855 1837; x_wconf 86' lang='lat' dir='ltr'>poena</span> <span class='ocrx_word' id='word_1_101' title='bbox 876 1760 969 1818; x_wconf 86' lang='lat' dir='ltr'>minus</span> <span class='ocrx_word' id='word_1_102' title='bbox 987 1762 1078 1836; x_wconf 79' lang='lat' dir='ltr'>gravis</span> <span class='ocrx_word' id='word_1_103' title='bbox 1099 1766 1179 1823; x_wconf 83' lang='lat' dir='ltr'>vidc-</span> 
     </span>
     <span class='ocr_line' id='line_1_14' title="bbox 127 1835 1179 1930; baseline -0.004 -22"><span class='ocrx_word' id='word_1_104' title='bbox 127 1849 292 1930; x_wconf 64' lang='lat' dir='ltr'>Acontius,</span> <span class='ocrx_word' id='word_1_105' title='bbox 311 1846 365 1904; x_wconf 88' lang='lat' dir='ltr'>sibi</span> <span class='ocrx_word' id='word_1_106' title='bbox 379 1835 491 1921; x_wconf 78' lang='lat' dir='ltr'>placere</span> <span class='ocrx_word' id='word_1_107' title='bbox 507 1863 573 1915; x_wconf 89' lang='lat' dir='ltr'>eos,</span> <span class='ocrx_word' id='word_1_108' title='bbox 591 1846 641 1922; x_wconf 85' lang='lat' dir='ltr'>qui</span> <span class='ocrx_word' id='word_1_109' title='bbox 673 1840 771 1912; x_wconf 84' lang='lat' dir='ltr'>bitur,</span> <span class='ocrx_word' id='word_1_110' title='bbox 792 1862 878 1918; x_wconf 85' lang='lat' dir='ltr'>quam</span> <span class='ocrx_word' id='word_1_111' title='bbox 899 1845 993 1914; x_wconf 75' lang='lat' dir='ltr'>toret,</span> <span class='ocrx_word' id='word_1_112' title='bbox 1016 1845 1041 1902; x_wconf 86' lang='lat' dir='ltr'>si</span> <span class='ocrx_word' id='word_1_113' title='bbox 1059 1856 1088 1901; x_wconf 91' lang='lat' dir='ltr'>te</span> <span class='ocrx_word' id='word_1_114' title='bbox 1105 1867 1179 1904; x_wconf 83' lang='lat' dir='ltr'>uxo·</span> 
     </span>
     <span class='ocr_line' id='line_1_15' title="bbox 130 1925 1179 2007; baseline -0.005 -14"><span class='ocrx_word' id='word_1_115' title='bbox 130 1933 275 1993; x_wconf 81' lang='lat' dir='ltr'>ausisunt</span> <span class='ocrx_word' id='word_1_116' title='bbox 290 1948 466 2007; x_wconf 68' lang='lat' dir='ltr'>raperem,</span> <span class='ocrx_word' id='word_1_117' title='bbox 485 1929 643 2006; x_wconf 85' lang='lat' dir='ltr'>quasania·</span> <span class='ocrx_word' id='word_1_118' title='bbox 672 1945 735 1983; x_wconf 86' lang='lat' dir='ltr'>rem</span> <span class='ocrx_word' id='word_1_119' title='bbox 758 1925 862 1984; x_wconf 83' lang='lat' dir='ltr'>ducere</span> <span class='ocrx_word' id='word_1_120' title='bbox 886 1947 945 1985; x_wconf 88' lang='lat' dir='ltr'>nou</span> <span class='ocrx_word' id='word_1_121' title='bbox 965 1946 1087 2006; x_wconf 81' lang='lat' dir='ltr'>possem.</span> <span class='ocrx_word' id='word_1_122' title='bbox 1103 1931 1179 1989; x_wconf 87' lang='lat' dir='ltr'>Dra·</span> 
     </span>
     <span class='ocr_line' id='line_1_16' title="bbox 127 2009 756 2086; baseline -0.013 -9"><span class='ocrx_word' id='word_1_123' title='bbox 127 2028 247 2086; x_wconf 70' lang='lat' dir='ltr'>verunt.</span> <span class='ocrx_word' id='word_1_124' title='bbox 264 2015 384 2072; x_wconf 83' lang='lat' dir='ltr'>Hubert</span> <span class='ocrx_word' id='word_1_125' title='bbox 500 2011 503 2016; x_wconf 76' lang='grc'><strong><em>’</em></strong></span> <span class='ocrx_word' id='word_1_126' title='bbox 672 2009 756 2086; x_wconf 83' lang='lat' dir='ltr'>kenb.</span> 
     </span>
    </p>

    <p class='ocr_par' dir='ltr' id='par_1_7' title="bbox 122 2095 1179 2932">
     <span class='ocr_line' id='line_1_17' title="bbox 171 2095 1179 2178; baseline -0.003 -20"><span class='ocrx_word' id='word_1_127' title='bbox 171 2107 217 2159; x_wconf 87' lang='lat'>50.</span> <span class='ocrx_word' id='word_1_128' title='bbox 246 2102 304 2178; x_wconf 81' lang='lat' dir='ltr'>Qui</span> <span class='ocrx_word' id='word_1_129' title='bbox 318 2103 387 2172; x_wconf 75' lang='grc' dir='ltr'>νῖν,</span> <span class='ocrx_word' id='word_1_130' title='bbox 403 2103 496 2175; x_wconf 82' lang='lat' dir='ltr'>possit</span> <span class='ocrx_word' id='word_1_131' title='bbox 514 2109 545 2156; x_wconf 86' lang='lat' dir='ltr'>ut</span> <span class='ocrx_word' id='word_1_132' title='bbox 560 2115 641 2169; x_wconf 79' lang='lat' dir='ltr'>esse,</span> <span class='ocrx_word' id='word_1_133' title='bbox 709 2100 751 2153; x_wconf 83' lang='grc'>53.</span> <span class='ocrx_word' id='word_1_134' title='bbox 778 2100 841 2178; x_wconf 73' lang='lat' dir='ltr'>Aut</span> <span class='ocrx_word' id='word_1_135' title='bbox 863 2115 939 2156; x_wconf 82' lang='lat' dir='ltr'>esses</span> <span class='ocrx_word' id='word_1_136' title='bbox 968 2107 1020 2154; x_wconf 84' lang='lat' dir='ltr'>etc</span> <span class='ocrx_word' id='word_1_137' title='bbox 1052 2095 1114 2154; x_wconf 79' lang='lat' dir='ltr'>ie.</span> <span class='ocrx_word' id='word_1_138' title='bbox 1154 2097 1179 2155; x_wconf 82' lang='lat' dir='ltr'>si</span> 
     </span>
     <span class='ocr_line' id='line_1_18' title="bbox 122 2180 1179 2267; baseline -0.003 -25"><span class='ocrx_word' id='word_1_139' title='bbox 122 2187 199 2267; x_wconf 68' lang='lat' dir='ltr'>spir.</span> <span class='ocrx_word' id='word_1_140' title='bbox 234 2182 293 2257; x_wconf 86' lang='lat' dir='ltr'>Qui</span> <span class='ocrx_word' id='word_1_141' title='bbox 313 2183 392 2240; x_wconf 82' lang='lat' dir='ltr'>sortis</span> <span class='ocrx_word' id='word_1_142' title='bbox 410 2194 440 2240; x_wconf 86' lang='lat' dir='ltr'>et</span> <span class='ocrx_word' id='word_1_143' title='bbox 457 2180 549 2239; x_wconf 80' lang='lat' dir='ltr'>audax</span> <span class='ocrx_word' id='word_1_144' title='bbox 567 2181 641 2251; x_wconf 79' lang='lat' dir='ltr'>tuit,</span> <span class='ocrx_word' id='word_1_145' title='bbox 672 2199 748 2238; x_wconf 84' lang='lat' dir='ltr'>esses</span> <span class='ocrx_word' id='word_1_146' title='bbox 770 2180 864 2238; x_wconf 88' lang='lat' dir='ltr'>minus</span> <span class='ocrx_word' id='word_1_147' title='bbox 881 2180 1022 2258; x_wconf 78' lang='lat' dir='ltr'>ptdchra,</span> <span class='ocrx_word' id='word_1_148' title='bbox 1050 2180 1179 2239; x_wconf 75' lang='lat' dir='ltr'>modeste</span> 
     </span>
     <span class='ocr_line' id='line_1_19' title="bbox 129 2259 1176 2345; baseline -0.005 -18"><span class='ocrx_word' id='word_1_149' title='bbox 129 2281 168 2327; x_wconf 92' lang='lat' dir='ltr'>ut</span> <span class='ocrx_word' id='word_1_150' title='bbox 188 2259 280 2345; x_wconf 83' lang='lat' dir='ltr'>poss&#39;it</span> <span class='ocrx_word' id='word_1_151' title='bbox 294 2285 355 2342; x_wconf 79' lang='lat' dir='ltr'>esse</span> <span class='ocrx_word' id='word_1_152' title='bbox 370 2266 421 2328; x_wconf 74' lang='lat' dir='ltr'>vir.</span> <span class='ocrx_word' id='word_1_153' title='bbox 439 2264 558 2322; x_wconf 82' lang='lat' dir='ltr'>Hubert.</span> <span class='ocrx_word' id='word_1_154' title='bbox 583 2264 640 2320; x_wconf 90' lang='lat' dir='ltr'>Lu·</span> <span class='ocrx_word' id='word_1_155' title='bbox 672 2274 701 2321; x_wconf 85' lang='lat' dir='ltr'>te</span> <span class='ocrx_word' id='word_1_156' title='bbox 718 2275 864 2341; x_wconf 84' lang='lat' dir='ltr'>peterem,</span> <span class='ocrx_word' id='word_1_157' title='bbox 883 2285 942 2322; x_wconf 90' lang='lat' dir='ltr'>non</span> <span class='ocrx_word' id='word_1_158' title='bbox 960 2277 1055 2322; x_wconf 88' lang='lat' dir='ltr'>autem</span> <span class='ocrx_word' id='word_1_159' title='bbox 1074 2265 1114 2322; x_wconf 87' lang='lat' dir='ltr'>ita</span> <span class='ocrx_word' id='word_1_160' title='bbox 1129 2283 1176 2342; x_wconf 73' lang='lat' dir='ltr'>ar·</span> 
     </span>
     <span class='ocr_line' id='line_1_20' title="bbox 128 2349 1177 2430; baseline -0.005 -19"><span class='ocrx_word' id='word_1_161' title='bbox 128 2353 177 2411; x_wconf 87' lang='lat' dir='ltr'>dit</span> <span class='ocrx_word' id='word_1_162' title='bbox 196 2351 281 2416; x_wconf 78' lang='lat' dir='ltr'>Ovid</span> <span class='ocrx_word' id='word_1_163' title='bbox 306 2351 335 2406; x_wconf 88' lang='lat' dir='ltr'>in</span> <span class='ocrx_word' id='word_1_164' title='bbox 359 2349 466 2430; x_wconf 86' lang='lat' dir='ltr'><strong>duplici</strong></span> <span class='ocrx_word' id='word_1_165' title='bbox 492 2349 567 2409; x_wconf 86' lang='lat' dir='ltr'>vocis</span> <span class='ocrx_word' id='word_1_166' title='bbox 597 2354 641 2407; x_wconf 81' lang='lat' dir='ltr'>vir</span> <span class='ocrx_word' id='word_1_167' title='bbox 670 2349 772 2408; x_wconf 89' lang='lat' dir='ltr'>denter</span> <span class='ocrx_word' id='word_1_168' title='bbox 795 2363 824 2406; x_wconf 86' lang='lat' dir='ltr'>et</span> <span class='ocrx_word' id='word_1_169' title='bbox 844 2350 984 2408; x_wconf 80' lang='lat' dir='ltr'>audacter.</span> <span class='ocrx_word' id='word_1_170' title='bbox 1000 2349 1121 2405; x_wconf 84' lang='lat' dir='ltr'>Hubert.</span> <span class='ocrx_word' id='word_1_171' title='bbox 1137 2349 1177 2411; x_wconf 91' lang='lat' dir='ltr'>V.</span> 
     </span>
     <span class='ocr_line' id='line_1_21' title="bbox 127 2434 1176 2515; baseline -0.007 -18"><span class='ocrx_word' id='word_1_172' title='bbox 127 2457 238 2511; x_wconf 78' lang='lat' dir='ltr'>sensu3</span> <span class='ocrx_word' id='word_1_173' title='bbox 256 2457 323 2495; x_wconf 82' lang='lat' dir='ltr'>nam</span> <span class='ocrx_word' id='word_1_174' title='bbox 341 2434 481 2494; x_wconf 84' lang='lat' dir='ltr'>sententia</span> <span class='ocrx_word' id='word_1_175' title='bbox 502 2444 559 2491; x_wconf 88' lang='lat' dir='ltr'>est:</span> <span class='ocrx_word' id='word_1_176' title='bbox 589 2434 638 2510; x_wconf 91' lang='lat' dir='ltr'>qui</span> <span class='ocrx_word' id='word_1_177' title='bbox 669 2435 766 2492; x_wconf 86' lang='lat' dir='ltr'>Burm.</span> <span class='ocrx_word' id='word_1_178' title='bbox 786 2436 823 2492; x_wconf 86' lang='lat' dir='ltr'>ad</span> <span class='ocrx_word' id='word_1_179' title='bbox 845 2434 965 2515; x_wconf 74' lang='lat' dir='ltr'>Phaedr.</span> <span class='ocrx_word' id='word_1_180' title='bbox 988 2435 1066 2493; x_wconf 70' lang='grc' dir='ltr'>ΕΠ.</span> <span class='ocrx_word' id='word_1_181' title='bbox 1084 2434 1176 2507; x_wconf 66' lang='lat' dir='ltr'>tatu.</span> 
     </span>
     <span class='ocr_line' id='line_1_22' title="bbox 128 2520 768 2593; baseline -0.009 -12"><span class='ocrx_word' id='word_1_182' title='bbox 128 2523 264 2593; x_wconf 70' lang='lat' dir='ltr'>sertim,</span> <span class='ocrx_word' id='word_1_183' title='bbox 293 2534 342 2592; x_wconf 87' lang='lat' dir='ltr'>ct,</span> <span class='ocrx_word' id='word_1_184' title='bbox 361 2531 394 2579; x_wconf 91' lang='lat' dir='ltr'>ut</span> <span class='ocrx_word' id='word_1_185' title='bbox 421 2520 513 2578; x_wconf 84' lang='lat' dir='ltr'>virum</span> <span class='ocrx_word' id='word_1_186' title='bbox 537 2520 633 2588; x_wconf 87' lang='lat' dir='ltr'>decet,</span> <span class='ocrx_word' id='word_1_187' title='bbox 668 2538 709 2581; x_wconf 82' lang='lat' dir='ltr'>vs.</span> <span class='ocrx_word' id='word_1_188' title='bbox 729 2541 768 2579; x_wconf 86' lang='lat' dir='ltr'>ro.</span> 
     </span>
     <span class='ocr_line' id='line_1_23' title="bbox 127 2600 1174 2683; baseline -0.005 -17"><span class='ocrx_word' id='word_1_189' title='bbox 127 2626 163 2667; x_wconf 79' lang='lat' dir='ltr'>se</span> <span class='ocrx_word' id='word_1_190' title='bbox 184 2604 288 2683; x_wconf 78' lang='lat' dir='ltr'>gessit,</span> <span class='ocrx_word' id='word_1_191' title='bbox 306 2615 354 2674; x_wconf 84' lang='lat' dir='ltr'>ut,</span> <span class='ocrx_word' id='word_1_192' title='bbox 385 2606 475 2683; x_wconf 90' lang='lat' dir='ltr'>possit</span> <span class='ocrx_word' id='word_1_193' title='bbox 496 2622 557 2660; x_wconf 85' lang='lat' dir='ltr'>esse</span> <span class='ocrx_word' id='word_1_194' title='bbox 577 2623 637 2660; x_wconf 85' lang='lat' dir='ltr'>ma·</span> <span class='ocrx_word' id='word_1_195' title='bbox 705 2607 747 2674; x_wconf 72' lang='lat'>54.</span> <span class='ocrx_word' id='word_1_196' title='bbox 774 2608 869 2661; x_wconf 82' lang='lat' dir='ltr'>Facie.</span> <span class='ocrx_word' id='word_1_197' title='bbox 890 2604 929 2662; x_wconf 90' lang='lat' dir='ltr'>V.</span> <span class='ocrx_word' id='word_1_198' title='bbox 957 2604 1008 2680; x_wconf 82' lang='lat' dir='ltr'>Ep.</span> <span class='ocrx_word' id='word_1_199' title='bbox 1023 2600 1102 2664; x_wconf 73' lang='lat' dir='ltr'>XVI</span> <span class='ocrx_word' id='word_1_200' title='bbox 1131 2622 1174 2662; x_wconf 81' lang='lat' dir='ltr'>rs.</span> 
     </span>
     <span class='ocr_line' id='line_1_24' title="bbox 126 2685 1173 2769; baseline -0.008 -18"><span class='ocrx_word' id='word_1_201' title='bbox 126 2690 212 2751; x_wconf 82' lang='lat' dir='ltr'>ritus.</span> <span class='ocrx_word' id='word_1_202' title='bbox 231 2689 309 2749; x_wconf 88' lang='lat' dir='ltr'>Oud</span> <span class='ocrx_word' id='word_1_203' title='bbox 325 2691 363 2750; x_wconf 90' lang='lat' dir='ltr'>V.</span> <span class='ocrx_word' id='word_1_204' title='bbox 388 2689 474 2747; x_wconf 78' lang='lat' dir='ltr'>Ouid</span> <span class='ocrx_word' id='word_1_205' title='bbox 491 2689 544 2769; x_wconf 84' lang='lat' dir='ltr'>Ep.</span> <span class='ocrx_word' id='word_1_206' title='bbox 557 2688 639 2745; x_wconf 79' lang='lat' dir='ltr'>XIII.</span> <span class='ocrx_word' id='word_1_207' title='bbox 671 2695 732 2759; x_wconf 69' lang='lat'>¹4⁰·</span> <span class='ocrx_word' id='word_1_208' title='bbox 768 2690 860 2745; x_wconf 81' lang='lat' dir='ltr'>Tanta</span> <span class='ocrx_word' id='word_1_209' title='bbox 883 2699 926 2742; x_wconf 86' lang='lat' dir='ltr'>est</span> <span class='ocrx_word' id='word_1_210' title='bbox 944 2696 1009 2743; x_wconf 89' lang='lat' dir='ltr'>tuae</span> <span class='ocrx_word' id='word_1_211' title='bbox 1035 2685 1173 2763; x_wconf 86' lang='lat' dir='ltr'>pulcritu-</span> 
     </span>
     <span class='ocr_line' id='line_1_25' title="bbox 126 2769 1175 2855; baseline -0.007 -21"><span class='ocrx_word' id='word_1_212' title='bbox 126 2794 173 2834; x_wconf 84' lang='lat' dir='ltr'>vs.</span> <span class='ocrx_word' id='word_1_213' title='bbox 189 2781 231 2850; x_wconf 74' lang='grc'>59.</span> <span class='ocrx_word' id='word_1_214' title='bbox 256 2776 309 2854; x_wconf 88' lang='lat' dir='ltr'>Ep.</span> <span class='ocrx_word' id='word_1_215' title='bbox 326 2771 421 2835; x_wconf 86' lang='lat' dir='ltr'>XVII.</span> <span class='ocrx_word' id='word_1_216' title='bbox 446 2791 487 2841; x_wconf 68' lang='lat' dir='ltr'>aa.</span> <span class='ocrx_word' id='word_1_217' title='bbox 508 2775 566 2830; x_wconf 78' lang='lat'>165.</span> <span class='ocrx_word' id='word_1_218' title='bbox 584 2773 636 2855; x_wconf 81' lang='lat' dir='ltr'>Ep.</span> <span class='ocrx_word' id='word_1_219' title='bbox 668 2771 744 2851; x_wconf 86' lang='lat' dir='ltr'>dinis¹</span> <span class='ocrx_word' id='word_1_220' title='bbox 767 2772 808 2832; x_wconf 86' lang='lat' dir='ltr'>vis</span> <span class='ocrx_word' id='word_1_221' title='bbox 836 2781 921 2847; x_wconf 88' lang='lat' dir='ltr'>atque</span> <span class='ocrx_word' id='word_1_222' title='bbox 947 2769 1114 2842; x_wconf 87' lang='lat' dir='ltr'>efficacitas,</span> <span class='ocrx_word' id='word_1_223' title='bbox 1140 2780 1175 2827; x_wconf 86' lang='lat' dir='ltr'>ut</span> 
     </span>
     <span class='ocr_line' id='line_1_26' title="bbox 124 2851 1172 2932; baseline -0.001 -19"><span class='ocrx_word' id='word_1_224' title='bbox 124 2858 182 2920; x_wconf 86' lang='lat' dir='ltr'>VI.</span> <span class='ocrx_word' id='word_1_225' title='bbox 207 2877 247 2917; x_wconf 77' lang='lat' dir='ltr'>va</span> <span class='ocrx_word' id='word_1_226' title='bbox 263 2879 322 2916; x_wconf 81' lang='lat' dir='ltr'>nr.</span> <span class='ocrx_word' id='word_1_227' title='bbox 668 2857 764 2921; x_wconf 79' lang='lat' dir='ltr'>omnia</span> <span class='ocrx_word' id='word_1_228' title='bbox 779 2855 884 2932; x_wconf 82' lang='lat' dir='ltr'>audere</span> <span class='ocrx_word' id='word_1_229' title='bbox 900 2857 1051 2929; x_wconf 69' lang='lat' dir='ltr'>cogamur,</span> <span class='ocrx_word' id='word_1_230' title='bbox 1069 2851 1172 2930; x_wconf 80' lang='lat' dir='ltr'>quibus</span> 
     </span>
    </p>

    <p class='ocr_par' dir='ltr' id='par_1_8' title="bbox 124 2937 1170 3692">
     <span class='ocr_line' id='line_1_27' title="bbox 166 2937 978 3027; baseline -0.004 -30"><span class='ocrx_word' id='word_1_231' title='bbox 166 2944 210 3018; x_wconf 54' lang='lat'>5¹„</span> <span class='ocrx_word' id='word_1_232' title='bbox 227 2942 291 2998; x_wconf 86' lang='lat' dir='ltr'>Nos</span> <span class='ocrx_word' id='word_1_233' title='bbox 307 2962 414 3027; x_wconf 82' lang='lat' dir='ltr'>quoquc</span> <span class='ocrx_word' id='word_1_234' title='bbox 425 2942 482 3002; x_wconf 79' lang='lat' dir='ltr'>scit</span> <span class='ocrx_word' id='word_1_235' title='bbox 500 2953 529 3001; x_wconf 87' lang='lat' dir='ltr'>te</span> <span class='ocrx_word' id='word_1_236' title='bbox 540 2942 636 3018; x_wconf 86' lang='lat' dir='ltr'>rapie·</span> <span class='ocrx_word' id='word_1_237' title='bbox 667 2949 696 2996; x_wconf 86' lang='lat' dir='ltr'>te</span> <span class='ocrx_word' id='word_1_238' title='bbox 715 2958 804 2996; x_wconf 86' lang='lat' dir='ltr'>uxore</span> <span class='ocrx_word' id='word_1_239' title='bbox 828 2937 978 3015; x_wconf 88' lang='lat' dir='ltr'>potiamur.</span> 
     </span>
     <span class='ocr_line' id='line_1_28' title="bbox 126 3019 1169 3101; baseline -0.003 -19"><span class='ocrx_word' id='word_1_240' title='bbox 126 3041 217 3094; x_wconf 86' lang='lat' dir='ltr'>mus,</span> <span class='ocrx_word' id='word_1_241' title='bbox 239 3042 293 3099; x_wconf 85' lang='lat' dir='ltr'>per</span> <span class='ocrx_word' id='word_1_242' title='bbox 314 3022 548 3100; x_wconf 82' lang='lat' dir='ltr'>&#39;elegantissimam</span> <span class='ocrx_word' id='word_1_243' title='bbox 566 3044 635 3101; x_wconf 90' lang='lat' dir='ltr'>apo-</span> <span class='ocrx_word' id='word_1_244' title='bbox 703 3028 746 3081; x_wconf 87' lang='grc'>55.</span> <span class='ocrx_word' id='word_1_245' title='bbox 768 3019 1110 3100; x_wconf 80' lang='lat' dir='ltr'>Yusacr‘slroe,ocrrliqae</span> <span class='ocrx_word' id='word_1_246' title='bbox 1121 3025 1169 3097; x_wconf 78' lang='lat' dir='ltr'>tui.</span> 
     </span>
     <span class='ocr_line' id='line_1_29' title="bbox 126 3102 1170 3186; baseline -0.007 -21"><span class='ocrx_word' id='word_1_247' title='bbox 126 3102 254 3183; x_wconf 78' lang='lat' dir='ltr'>siopeain</span> <span class='ocrx_word' id='word_1_248' title='bbox 281 3105 312 3186; x_wconf 80' lang='lat' dir='ltr'>iu</span> <span class='ocrx_word' id='word_1_249' title='bbox 341 3107 424 3165; x_wconf 84' lang='lat' dir='ltr'>minis</span> <span class='ocrx_word' id='word_1_250' title='bbox 451 3125 483 3163; x_wconf 90' lang='lat' dir='ltr'>ac</span> <span class='ocrx_word' id='word_1_251' title='bbox 511 3108 635 3182; x_wconf 82' lang='lat' dir='ltr'>querelis</span> <span class='ocrx_word' id='word_1_252' title='bbox 665 3107 703 3167; x_wconf 92' lang='lat' dir='ltr'>V.</span> <span class='ocrx_word' id='word_1_253' title='bbox 719 3107 785 3165; x_wconf 86' lang='lat' dir='ltr'>Not.</span> <span class='ocrx_word' id='word_1_254' title='bbox 802 3107 840 3164; x_wconf 92' lang='lat' dir='ltr'>ad</span> <span class='ocrx_word' id='word_1_255' title='bbox 860 3125 900 3167; x_wconf 77' lang='lat' dir='ltr'>vs.</span> <span class='ocrx_word' id='word_1_256' title='bbox 910 3112 952 3165; x_wconf 81' lang='lat'>31.</span> <span class='ocrx_word' id='word_1_257' title='bbox 974 3106 1087 3184; x_wconf 57' lang='lat' dir='ltr'>nexa</span> <span class='ocrx_word' id='word_1_258' title='bbox 1104 3106 1170 3159; x_wconf 82' lang='lat' dir='ltr'>Mu·</span> 
     </span>
     <span class='ocr_line' id='line_1_30' title="bbox 126 3188 1170 3266; baseline -0.004 -18"><span class='ocrx_word' id='word_1_259' title='bbox 126 3188 306 3248; x_wconf 80' lang='lat' dir='ltr'>familiarem.</span> <span class='ocrx_word' id='word_1_260' title='bbox 324 3191 360 3249; x_wconf 88' lang='lat' dir='ltr'>V.</span> <span class='ocrx_word' id='word_1_261' title='bbox 377 3189 428 3266; x_wconf 75' lang='lat' dir='ltr'>Ep.</span> <span class='ocrx_word' id='word_1_262' title='bbox 436 3189 502 3248; x_wconf 83' lang='lat' dir='ltr'>XII.</span> <span class='ocrx_word' id='word_1_263' title='bbox 519 3209 561 3251; x_wconf 85' lang='lat' dir='ltr'>vs.</span> <span class='ocrx_word' id='word_1_264' title='bbox 576 3210 633 3260; x_wconf 79' lang='lat'><strong>²⁰7·</strong></span> <span class='ocrx_word' id='word_1_265' title='bbox 665 3208 768 3261; x_wconf 83' lang='lat' dir='ltr'>secus,</span> <span class='ocrx_word' id='word_1_266' title='bbox 783 3190 859 3248; x_wconf 85' lang='lat' dir='ltr'>Hero</span> <span class='ocrx_word' id='word_1_267' title='bbox 876 3201 905 3248; x_wconf 84' lang='lat' dir='ltr'>et</span> <span class='ocrx_word' id='word_1_268' title='bbox 925 3190 1053 3250; x_wconf 83' lang='lat' dir='ltr'>Leander</span> <span class='ocrx_word' id='word_1_269' title='bbox 1069 3207 1112 3248; x_wconf 80' lang='lat' dir='ltr'>rs·</span> <span class='ocrx_word' id='word_1_270' title='bbox 1125 3191 1170 3259; x_wconf 71' lang='lat'>94.</span> 
     </span>
     <span class='ocr_line' id='line_1_31' title="bbox 124 3267 1167 3357; baseline 0.002 -25"><span class='ocrx_word' id='word_1_271' title='bbox 124 3270 181 3332; x_wconf 78' lang='lat' dir='ltr'>Ad</span> <span class='ocrx_word' id='word_1_272' title='bbox 192 3273 240 3357; x_wconf 60' lang='lat' dir='ltr'>Sil.</span> <span class='ocrx_word' id='word_1_273' title='bbox 256 3272 320 3332; x_wconf 85' lang='lat' dir='ltr'>Ital.</span> <span class='ocrx_word' id='word_1_274' title='bbox 336 3274 367 3330; x_wconf 86' lang='lat' dir='ltr'>L.</span> <span class='ocrx_word' id='word_1_275' title='bbox 376 3267 430 3330; x_wconf 91' lang='lat' dir='ltr'>IX.</span> <span class='ocrx_word' id='word_1_276' title='bbox 442 3292 484 3334; x_wconf 80' lang='lat' dir='ltr'>rs.</span> <span class='ocrx_word' id='word_1_277' title='bbox 496 3278 537 3332; x_wconf 85' lang='grc'>55.</span> <span class='ocrx_word' id='word_1_278' title='bbox 555 3270 634 3333; x_wconf 89' lang='lat' dir='ltr'>Oud.</span> <span class='ocrx_word' id='word_1_279' title='bbox 665 3273 801 3350; x_wconf 67' lang='grc' dir='ltr'>Ογθαλμός</span> <span class='ocrx_word' id='word_1_280' title='bbox 816 3276 840 3333; x_wconf 70' lang='grc' dir='ltr'>δ’</span> <span class='ocrx_word' id='word_1_281' title='bbox 855 3276 905 3343; x_wconf 72' lang='grc' dir='ltr'>ὁδός</span> <span class='ocrx_word' id='word_1_282' title='bbox 920 3278 1003 3334; x_wconf 74' lang='grc' dir='ltr'><em>ἐστὶν·</em></span> <span class='ocrx_word' id='word_1_283' title='bbox 1024 3275 1167 3348; x_wconf 55' lang='lat' dir='ltr'>&amp;driad-</span> 
     </span>
     <span class='ocr_line' id='line_1_32' title="bbox 125 3356 867 3439; baseline 0 -21"><span class='ocrx_word' id='word_1_284' title='bbox 125 3359 194 3418; x_wconf 80' lang='lat' dir='ltr'>Noc</span> <span class='ocrx_word' id='word_1_285' title='bbox 216 3359 255 3418; x_wconf 87' lang='lat' dir='ltr'>ad</span> <span class='ocrx_word' id='word_1_286' title='bbox 277 3358 329 3437; x_wconf 84' lang='lat' dir='ltr'>Ep.</span> <span class='ocrx_word' id='word_1_287' title='bbox 348 3357 416 3415; x_wconf 86' lang='lat' dir='ltr'>XII.</span> <span class='ocrx_word' id='word_1_288' title='bbox 442 3356 520 3417; x_wconf 65' lang='lat' dir='ltr'>vel.</span> <span class='ocrx_word' id='word_1_289' title='bbox 554 3358 634 3431; x_wconf 83' lang='lat' dir='ltr'>Indi·</span> <span class='ocrx_word' id='word_1_290' title='bbox 699 3360 756 3431; x_wconf 62' lang='lat' dir='ltr'>&#39;poio</span> <span class='ocrx_word' id='word_1_291' title='bbox 770 3361 867 3439; x_wconf 58' lang='grc' dir='ltr'><strong><em>βολῶν</em></strong></span> 
     </span>
     <span class='ocr_line' id='line_1_33' title="bbox 126 3432 1168 3523; baseline -0.004 -22"><span class='ocrx_word' id='word_1_292' title='bbox 126 3432 211 3516; x_wconf 82' lang='lat' dir='ltr'>care,&#39;</span> <span class='ocrx_word' id='word_1_293' title='bbox 238 3442 332 3519; x_wconf 85' lang='lat' dir='ltr'>iuquit</span> <span class='ocrx_word' id='word_1_294' title='bbox 355 3439 517 3513; x_wconf 61' lang='lat' dir='ltr'>Drakenb„</span> <span class='ocrx_word' id='word_1_295' title='bbox 541 3440 635 3501; x_wconf 80' lang='lat' dir='ltr'>voluit</span> <span class='ocrx_word' id='word_1_296' title='bbox 665 3442 764 3510; x_wconf 64' lang='lat' dir='ltr'>limae</span> <span class='ocrx_word' id='word_1_297' title='bbox 786 3448 927 3523; x_wconf 61' lang='grc' dir='ltr'>ὀλεσθαίνει,</span> <span class='ocrx_word' id='word_1_298' title='bbox 952 3450 995 3503; x_wconf 68' lang='grc' dir='ltr'>καὶ</span> <span class='ocrx_word' id='word_1_299' title='bbox 1017 3445 1061 3502; x_wconf 70' lang='grc' dir='ltr'>ἐπὶ</span> <span class='ocrx_word' id='word_1_300' title='bbox 1084 3441 1168 3518; x_wconf 64' lang='grc' dir='ltr'>φρένας</span> 
     </span>
     <span class='ocr_line' id='line_1_34' title="bbox 127 3516 877 3603; baseline -0.004 -20"><span class='ocrx_word' id='word_1_301' title='bbox 127 3526 282 3596; x_wconf 75' lang='lat' dir='ltr'>Acontius,</span> <span class='ocrx_word' id='word_1_302' title='bbox 304 3544 335 3583; x_wconf 84' lang='lat' dir='ltr'>sc</span> <span class='ocrx_word' id='word_1_303' title='bbox 350 3523 502 3603; x_wconf 85' lang='lat' dir='ltr'>Cydippen</span> <span class='ocrx_word' id='word_1_304' title='bbox 518 3523 547 3584; x_wconf 81' lang='lat' dir='ltr'>vi</span> <span class='ocrx_word' id='word_1_305' title='bbox 566 3544 633 3602; x_wconf 86' lang='lat' dir='ltr'>rap·</span> <span class='ocrx_word' id='word_1_306' title='bbox 697 3516 781 3603; x_wconf 65' lang='grc' dir='ltr'>’ὶνδρρς</span> <span class='ocrx_word' id='word_1_307' title='bbox 793 3531 877 3589; x_wconf 60' lang='lat' dir='ltr'>uta..</span> 
     </span>
     <span class='ocr_line' id='line_1_35' title="bbox 128 3611 1166 3692; baseline 0.005 -27"><span class='ocrx_word' id='word_1_308' title='bbox 128 3619 243 3681; x_wconf 86' lang='lat' dir='ltr'>turum,</span> <span class='ocrx_word' id='word_1_309' title='bbox 261 3611 284 3667; x_wconf 83' lang='lat' dir='ltr'>si</span> <span class='ocrx_word' id='word_1_310' title='bbox 297 3622 359 3671; x_wconf 82' lang='lat' dir='ltr'>arte</span> <span class='ocrx_word' id='word_1_311' title='bbox 369 3612 398 3665; x_wconf 86' lang='lat' dir='ltr'>in</span> <span class='ocrx_word' id='word_1_312' title='bbox 412 3627 538 3689; x_wconf 80' lang='lat' dir='ltr'>eruorem</span> <span class='ocrx_word' id='word_1_313' title='bbox 549 3628 633 3667; x_wconf 81' lang='lat' dir='ltr'>suum</span> <span class='ocrx_word' id='word_1_314' title='bbox 662 3612 699 3669; x_wconf 85' lang='lat' dir='ltr'>V.</span> <span class='ocrx_word' id='word_1_315' title='bbox 713 3612 854 3672; x_wconf 76' lang='lat' dir='ltr'>Theocria</span> <span class='ocrx_word' id='word_1_316' title='bbox 871 3613 955 3692; x_wconf 84' lang='lat' dir='ltr'>Idyll.</span> <span class='ocrx_word' id='word_1_317' title='bbox 967 3613 992 3671; x_wconf 90' lang='lat'>1.</span> <span class='ocrx_word' id='word_1_318' title='bbox 1010 3630 1052 3672; x_wconf 81' lang='lat' dir='ltr'>vs.</span> <span class='ocrx_word' id='word_1_319' title='bbox 1065 3618 1107 3682; x_wconf 74' lang='lat'>76.</span> <span class='ocrx_word' id='word_1_320' title='bbox 1125 3630 1166 3688; x_wconf 83' lang='lat' dir='ltr'>sq.</span> 
     </span>
    </p>
   </div>
   <div class='ocr_carea' id='block_1_5' title="bbox 128 3684 1281 3777">
    <p class='ocr_par' dir='ltr' id='par_1_9' title="bbox 128 3684 1281 3777">
     <span class='ocr_line' id='line_1_36' title="bbox 128 3684 1281 3777; baseline 0.018 -30"><span class='ocrx_word' id='word_1_321' title='bbox 128 3684 260 3768; x_wconf 75' lang='lat' dir='ltr'>pellicere</span> <span class='ocrx_word' id='word_1_322' title='bbox 274 3702 416 3769; x_wconf 77' lang='lat' dir='ltr'>nequea13</span> <span class='ocrx_word' id='word_1_323' title='bbox 434 3691 464 3751; x_wconf 93' lang='lat' dir='ltr'>id</span> <span class='ocrx_word' id='word_1_324' title='bbox 485 3690 562 3752; x_wconf 85' lang='lat' dir='ltr'>enim</span> <span class='ocrx_word' id='word_1_325' title='bbox 587 3696 642 3775; x_wconf 53' lang='lat' dir='ltr'>iay</span> <span class='ocrx_word' id='word_1_326' title='bbox 663 3695 803 3754; x_wconf 80' lang='lat' dir='ltr'>Schrader</span> <span class='ocrx_word' id='word_1_327' title='bbox 815 3700 850 3756; x_wconf 87' lang='lat' dir='ltr'>ad</span> <span class='ocrx_word' id='word_1_328' title='bbox 862 3699 1011 3755; x_wconf 76' lang='lat' dir='ltr'>Musaeum</span> <span class='ocrx_word' id='word_1_329' title='bbox 1026 3716 1084 3773; x_wconf 61' lang='grc'>59·</span> <span class='ocrx_word' id='word_1_330' title='bbox 1102 3717 1165 3777; x_wconf 55' lang='lat' dir='ltr'>pagg</span> <span class='ocrx_word' id='word_1_331' title='bbox 1278 3708 1281 3713; x_wconf 47' lang='lat'><em>⁴</em></span> 
     </span>
    </p>
   </div>
   <div class='ocr_carea' id='block_1_6' title="bbox 127 3775 1164 4113">
    <p class='ocr_par' dir='ltr' id='par_1_10' title="bbox 128 3775 1023 3858">
     <span class='ocr_line' id='line_1_37' title="bbox 128 3775 1023 3858; baseline 0.01 -26"><span class='ocrx_word' id='word_1_332' title='bbox 128 3775 223 3833; x_wconf 85' lang='lat' dir='ltr'>dicant</span> <span class='ocrx_word' id='word_1_333' title='bbox 244 3778 399 3854; x_wconf 80' lang='lat' dir='ltr'>sequentia.</span> <span class='ocrx_word' id='word_1_334' title='bbox 666 3780 780 3858; x_wconf 79' lang='lat' dir='ltr'>19o.acl</span> <span class='ocrx_word' id='word_1_335' title='bbox 799 3786 892 3853; x_wconf 60' lang='lat' dir='ltr'>Mi·</span> <span class='ocrx_word' id='word_1_336' title='bbox 1019 3836 1023 3841; x_wconf 91' lang='lat'>.</span> 
     </span>
    </p>

    <p class='ocr_par' dir='ltr' id='par_1_11' title="bbox 127 3862 1164 4113">
     <span class='ocr_line' id='line_1_38' title="bbox 171 3862 1164 3946; baseline 0.008 -29"><span class='ocrx_word' id='word_1_337' title='bbox 171 3862 252 3918; x_wconf 82' lang='lat' dir='ltr'>Mors</span> <span class='ocrx_word' id='word_1_338' title='bbox 281 3863 361 3937; x_wconf 70' lang='lat' dir='ltr'>hujus</span> <span class='ocrx_word' id='word_1_339' title='bbox 386 3880 479 3938; x_wconf 81' lang='lat' dir='ltr'>poena</span> <span class='ocrx_word' id='word_1_340' title='bbox 510 3870 630 3941; x_wconf 80' lang='lat' dir='ltr'>rapinae</span> <span class='ocrx_word' id='word_1_341' title='bbox 700 3866 808 3946; x_wconf 73' lang='lat' dir='ltr'>Quibus</span> <span class='ocrx_word' id='word_1_342' title='bbox 831 3872 915 3944; x_wconf 78' lang='lat' dir='ltr'>ignea</span> <span class='ocrx_word' id='word_1_343' title='bbox 938 3868 1038 3927; x_wconf 80' lang='lat' dir='ltr'>cedunt</span> <span class='ocrx_word' id='word_1_344' title='bbox 1061 3870 1164 3927; x_wconf 81' lang='lat' dir='ltr'>sidera.</span> 
     </span>
     <span class='ocr_line' id='line_1_39' title="bbox 128 3947 1163 4029; baseline 0.005 -25"><span class='ocrx_word' id='word_1_345' title='bbox 128 3956 158 4004; x_wconf 79' lang='lat' dir='ltr'>ut</span> <span class='ocrx_word' id='word_1_346' title='bbox 183 3947 220 4005; x_wconf 77' lang='lat' dir='ltr'>sit</span> <span class='ocrx_word' id='word_1_347' title='bbox 241 3956 292 4002; x_wconf 88' lang='lat' dir='ltr'>etc.</span> <span class='ocrx_word' id='word_1_348' title='bbox 331 3952 371 4004; x_wconf 85' lang='lat' dir='ltr'>Ut</span> <span class='ocrx_word' id='word_1_349' title='bbox 386 3952 424 4004; x_wconf 80' lang='lat' dir='ltr'>sit</span> <span class='ocrx_word' id='word_1_350' title='bbox 447 3948 495 4004; x_wconf 85' lang='lat' dir='ltr'>hic</span> <span class='ocrx_word' id='word_1_351' title='bbox 514 3950 630 4027; x_wconf 84' lang='lat' dir='ltr'>ponitur</span> <span class='ocrx_word' id='word_1_352' title='bbox 660 3951 701 4007; x_wconf 85' lang='lat' dir='ltr'>Ut</span> <span class='ocrx_word' id='word_1_353' title='bbox 713 3951 828 4009; x_wconf 80' lang='lat' dir='ltr'>inferior</span> <span class='ocrx_word' id='word_1_354' title='bbox 843 3953 983 4029; x_wconf 81' lang='lat' dir='ltr'>superiori</span> <span class='ocrx_word' id='word_1_355' title='bbox 1001 3953 1037 4011; x_wconf 85' lang='lat' dir='ltr'>de</span> <span class='ocrx_word' id='word_1_356' title='bbox 1058 3954 1102 4009; x_wconf 85' lang='lat' dir='ltr'>viu</span> <span class='ocrx_word' id='word_1_357' title='bbox 1116 3973 1163 4010; x_wconf 90' lang='lat' dir='ltr'>ce·</span> 
     </span>
     <span class='ocr_line' id='line_1_40' title="bbox 127 4028 1164 4113; baseline 0.01 -27"><span class='ocrx_word' id='word_1_358' title='bbox 127 4028 180 4107; x_wconf 79' lang='lat' dir='ltr'>pro</span> <span class='ocrx_word' id='word_1_359' title='bbox 200 4031 263 4087; x_wconf 78' lang='lat' dir='ltr'>iicet</span> <span class='ocrx_word' id='word_1_360' title='bbox 281 4035 327 4111; x_wconf 76' lang='lat' dir='ltr'>sit.</span> <span class='ocrx_word' id='word_1_361' title='bbox 347 4032 381 4097; x_wconf 88' lang='lat' dir='ltr'>V.</span> <span class='ocrx_word' id='word_1_362' title='bbox 401 4032 451 4110; x_wconf 83' lang='lat' dir='ltr'>Ep.</span> <span class='ocrx_word' id='word_1_363' title='bbox 465 4034 487 4093; x_wconf 90' lang='lat'>1.</span> <span class='ocrx_word' id='word_1_364' title='bbox 516 4054 556 4107; x_wconf 67' lang='lat' dir='ltr'>rs.</span> <span class='ocrx_word' id='word_1_365' title='bbox 572 4038 628 4095; x_wconf 82' lang='lat'>116.</span> <span class='ocrx_word' id='word_1_366' title='bbox 660 4038 731 4097; x_wconf 80' lang='lat' dir='ltr'>dero</span> <span class='ocrx_word' id='word_1_367' title='bbox 744 4036 823 4113; x_wconf 78' lang='lat' dir='ltr'>sciet.</span> <span class='ocrx_word' id='word_1_368' title='bbox 847 4041 953 4101; x_wconf 76' lang='lat' dir='ltr'>Cedunt</span> <span class='ocrx_word' id='word_1_369' title='bbox 971 4038 1041 4098; x_wconf 89' lang='lat' dir='ltr'>adeo</span> <span class='ocrx_word' id='word_1_370' title='bbox 1057 4050 1099 4097; x_wconf 84' lang='lat' dir='ltr'>est</span> <span class='ocrx_word' id='word_1_371' title='bbox 1116 4044 1164 4113; x_wconf 61' lang='lat' dir='ltr'>iare</span> 
     </span>
    </p>
   </div>
   <div class='ocr_carea' id='block_1_7' title="bbox 0 0 1350 4850">
    <p class='ocr_par' dir='ltr' id='par_1_12' title="bbox 0 0 1350 4850">
     <span class='ocr_line' id='line_1_41' title="bbox 0 0 1350 4850; baseline 0 0"><span class='ocrx_word' id='word_1_372' title='bbox 0 0 1350 4850; x_wconf 95' lang='lat' dir='ltr'> </span> 
     </span>
    </p>
   </div>
  </div>
 </body>
</html>
