2692 4850
291 325 1012 434 epactasnrrronrroi
1053 327 1057 336 “
1103 359 1169 420 ‚112
1240 277 1246 286 ¹

131 524 284 618 &tibi
304 525 447 600 secretis
465 521 559 613 agilis
581 520 816 591 Dea·saltibus
837 522 951 608 adsit,
1001 553 1004 559 ⁴

202 639 363 729 Silvaque
383 628 580 726 perdendas
601 630 767 720 praebeat
787 628 856 695 alta
876 628 981 696 ferass
1058 665 1063 674 ·
1104 636 1173 723 120

138 745 196 818 Sic
217 744 353 815 faveant
374 739 507 830 Satyri,
529 729 762 825 montanaque
782 735 926 801 numina
945 735 1071 806 Panesa
1151 742 1157 752 ’

199 852 245 917 Et
267 848 367 917 cadat
388 847 526 916 adversa
548 841 692 939 cuspide
713 842 820 908 fossus
842 864 936 931 aper.

132 955 194 1028 Sic
216 960 282 1026 tibi
304 953 390 1026 dent
411 953 591 1054 Nymphae
613 953 789 1044 (quamvis
812 949 925 1018 odisse
946 950 1083 1040 puellas

198 1065 353 1156 Diceris)
376 1079 528 1131 arentem
553 1085 640 1155 quae
661 1059 753 1131 levet
772 1057 867 1126 unda
888 1057 991 1127 sitim.

132 1171 305 1242 Addimus
317 1172 369 1240 bis
381 1170 537 1240 lacrimas
551 1167 715 1258 precibus
730 1188 890 1255 quoquae
908 1164 1015 1231 verba
1025 1177 1174 1260 precan-¹

196 1275 366 1363 Perlegis3
378 1283 425 1341 ‘at
444 1276 601 1367 lacrimas
621 1271 715 1359 finge
736 1268 856 1354 ridere
875 1291 977 1340 meas.
1020 1273 1088 1360 (tis
1112 1282 1174 1367 ¹75

175 1502 234 1568 167.
264 1499 324 1555 Per
353 1497 489 1556 Venerem
513 1513 652 1573 poreas‚.
669 1494 734 1555 lent
753 1494 863 1556 nutrire
883 1495 989 1557 multas
1008 1496 1093 1560 seras.
1109 1499 1175 1563 liu-j

137 1599 200 1640 oro.
236 1579 292 1636 Per
306 1578 427 1650 Veneris
442 1583 565 1648 numen,
583 1598 639 1651 quo
668 1580 743 1639 bert,

136 1671 200 1721 tota
218 1681 356 1741 occupor,
376 1672 405 1719 te
423 1680 512 1735 rogo,
528 1669 562 1714 ut
586 1660 642 1714 mei
709 1682 765 1731 171.
782 1665 888 1742 Satyri.
903 1664 941 1729 V.
957 1675 1017 1723 not
1034 1666 1176 1743 adram«

135 1749 279 1816 rationem
310 1747 427 1805 habeas.
467 1742 512 1800 sie
540 1742 644 1816 justam
671 1746 701 1802 h,
718 1748 772 1825 Ep,
1127 1761 1129 1764 ¹

134 1830 254 1908 effugies
281 1826 431 1908 repudiati
455 1821 559 1884 amoris
580 1820 646 1881 vin·
712 1850 770 1899 172.
797 1832 930 1891 Adversa
948 1835 1069 1913 cuspide.
1100 1835 1176 1895 Hasae

135 1913 241 1994 dictam
269 1933 321 1971 nec
348 1931 449 1992 parem
475 1907 528 1967 tibi
554 1905 646 1967 ricem
676 1921 707 1968 ta
724 1921 774 1968 tua
793 1914 926 1989 opposita
960 1917 1035 1974 Nam
1052 1918 1176 1978 venabar

133 1998 239 2056 reddat
260 1998 376 2076 puella,
403 2015 491 2074 quarn
519 1988 643 2049 affiictim
674 1993 704 2053 la
723 1993 817 2062 solent
835 1995 941 2073 opponi
961 2001 1035 2075 apris
1054 2000 1084 2057 in
1106 2023 1176 2079 pec.

136 2082 290 2160 (perdite)
307 2077 421 2142 aruabis.
439 2079 503 2136 Sar.
675 2088 741 2148 tus,
768 2096 854 2155 supra
877 2097 950 2153 quae
976 2099 1007 2138 se
1028 2101 1112 2160 saepe
1130 2086 1177 2149 iu-¹

121 2228 125 2236 ,
186 2170 266 2244 Quae
292 2168 421 2239 plurima
454 2180 562 2220 raecum
593 2169 643 2218 est.
675 2157 800 2221 mittunt
817 2157 937 2234 Hubert.
976 2225 977 2238 ἵ
1142 2227 1146 2234 ⁴

133 2251 242 2307 Totam
260 2267 305 2304 me
323 2247 413 2304 babet
429 2256 459 2302 at
476 2248 554 2320 regit
582 2241 643 2299 Ad·
712 2253 769 2316 174.
796 2247 939 2302 Arentem.
976 2246 1106 2320 Quae-ex
1121 2250 1179 2310 ari·

132 2325 271 2415 jactivam
303 2351 357 2408 pro
388 2327 522 2389 adverbio
551 2328 642 2403 pluri·
674 2329 764 2388 ditate
786 2340 816 2386 et
836 2327 959 2386 siccitate
979 2329 1145 2408 concipitur.

134 2409 212 2476 mum
231 2412 460 2503 relsrequeatcr.
490 2413 535 2470 Ita
550 2409 642 2489 pluri·
711 2416 951 2496 Quaelevetuada
960 2421 1044 2479 sitim.
1056 2417 1177 2494 Elegans

133 2522 195 2559 mus
207 2506 237 2558 r'o
253 2520 302 2557 ore
314 2504 468 2558 Dcuserat
482 2497 534 2575 Ep.
540 2508 581 2558 011.
599 2514 638 2555 vs.
671 2499 808 2578 loquendi
821 2499 903 2570 ratio,
916 2520 973 2577 qua
985 2500 1178 2562 dissimulatur

139 2590 181 2642 32.
205 2585 266 2641 Sar.
420 2644 425 2655 ,
671 2583 878 2642 substantivum
896 2585 926 2641 iu
947 2583 1034 2648 verbo
1056 2585 1174 2661 priore,

170 2671 218 2726 Sic
238 2660 394 2748 numquam
415 2667 458 2725 cf.
472 2672 529 2724 not
545 2662 581 2721 ad
598 2681 638 2724 vs.
671 2668 724 2724 sed
742 2666 817 2724 illico
838 2668 948 2724 addunt
969 2668 1024 2726 alio
1046 2672 1076 2727 iu
1099 2689 1176 2728 casu.

138 2759 196 2821 148.
213 2751 243 2809 h.
260 2754 315 2828 Ep.
671 2752 734 2808 San.
759 2751 847 2824 Quod
859 2749 1020 2822 fierisolet,
1039 2753 1179 2810 ubi‘sub-

173 2839 229 2911 169.
255 2839 348 2917 sigilii
365 2838 444 2894 Dea.
465 2833 559 2895 Velox
568 2830 642 2889 Dia·
671 2835 826 2893 stantivum
848 2834 984 2910 adjectivo
1003 2849 1089 2895 caret.

136 2936 180 2978 na.
205 2922 241 2981 V,
268 2933 325 2978 not
355 2920 391 2977 ad
412 2938 451 2978 rs.
468 2925 520 2991 39,
539 2922 581 2985 lio.
611 2917 640 2973 h.
709 2921 847 2991 Quamvis
869 2920 966 2978 odisse
1002 2921 1080 2978 Haec
1102 2922 1178 2984 dicta

135 3006 187 3083 Ep.
220 3006 350 3061 Efficaces
378 3020 439 3059 esse
461 3002 554 3059 solent
575 3018 641 3079 pre·
672 3001 792 3059 suntin
816 3004 986 3078 parenthesi
1023 3008 1112 3081 Quasi
1133 3010 1183 3081 diff

134 3107 199 3159 ecs,
231 3089 256 3146 si
287 3106 340 3165 per
366 3083 427 3141 has
453 3083 641 3143 instituuntur
665 3097 733 3156 cat,
752 3085 880 3161 quamvis
893 3086 1041 3166 Nymphae
1060 3090 1177 3149 boemi·
1291 3122 1294 3135 ν

136 3192 199 3245 res,
218 3190 292 3248 quac
311 3168 371 3238 illi,
389 3186 474 3243 quem
492 3189 640 3246 rogamus,
671 3169 748 3226 nime
760 3171 851 3226 t'aoere
864 3170 1084 3249 debeant,·quia
1094 3175 1179 3254 puel·¹
1227 3164 1230 3171 ’
1286 3218 1288 3222 .

128 3270 202 3329 sunt
213 3254 379 3312 carissimae.
396 3252 554 3311 Plurimum
565 3252 641 3311 enim
671 3253 713 3311 las
731 3253 796 3311 odio
808 3253 914 3312 habere
932 3254 1047 3329 diceris,
1060 3277 1126 3317 cum
1136 3259 1178 3336 ip·

99 3370 103 3373 ·
136 3336 286 3419 hippolyti
310 3337 467 3406 intererat,
484 3337 587 3393 multas
608 3338 641 3394 in
671 3356 718 3394 sac
733 3337 789 3394 sint
809 3338 949 3420 puellae.¹

136 3424 212 3483 silvis
239 3420 371 3481 oberrare
398 3418 493 3487 seras,
522 3418 641 3493 telisque
708 3426 859 3492 175‚176.
890 3424 1028 3482 Addiotns
1054 3425 1100 3482 hit
1130 3424 1177 3479 la.

136 3510 197 3583 ejus
225 3510 386 3583 frequentes
405 3500 515 3573 sterni,
538 3500 642 3558 rustica
671 3509 839 3564 eriora-sete.
877 3510 966 3579 Quasi
987 3508 1079 3579 dicat,
1099 3505 1177 3564 mul·

137 3592 163 3646 ei
182 3591 305 3648 Numina
328 3589 443 3660 favere,
462 3585 539 3642 etin
558 3603 643 3641 cursu
673 3600 717 3644 tas
750 3609 863 3665 quoque
894 3591 968 3648 inter
996 3589 1178 3648 scribendum

137 3674 243 3733 rivulos
263 3672 382 3730 subinde
407 3691 439 3729 ac
456 3671 532 3729 lacus
553 3667 642 3725 offen·
672 3671 800 3728 lacrimas
822 3673 956 3731 fudimus.
989 3674 1055 3730 Non
1075 3664 1179 3750 parum·

138 3758 226 3829 dere,
244 3759 321 3815 uude
342 3758 459 3817 collecta
476 3752 571 3813 labore
583 3753 642 3812 sitis
675 3757 711 3814 ad
743 3756 952 3814 miserationem
987 3757 1116 3815 fortunae
1145 3770 1176 3817 et

137 3839 303 3917 depellatur.
322 3843 383 3899 Sax.
671 3840 841 3899 conditionis
863 3859 947 3898 meac
964 3841 1097 3916 ponderis
1120 3843 1175 3902 ha·

173 3928 300 3984 Sacratis.
335 3925 477 3997 Remotis,
501 3943 559 3982 aon
572 3925 641 3982 Tre·
669 3927 790 3991 biturae
800 3926 909 3998 sorent,
927 3923 951 3983 si
967 3924 1029 3984 illas
1041 3945 1130 4005 acque
1142 3944 1178 3984 uc¹

128 4007 289 4089 ‚quantulis
321 4011 402 4071 Talia
417 4012 493 4069 enirn
515 4009 577 4069 loca
595 4030 641 4071 so·
669 4013 766 4072 literas
785 4011 822 4069 ad
843 4022 879 4071 te'
895 4008 1022 4090 ablegare
1040 4032 1177 4092 posscms
