2692 4850
167 295 235 370 iss
378 269 705 368 rr'rsrona
747 277 1014 369 Qurnrn

165 481 223 554 Ah
236 477 391 546 nimium
410 487 503 542 rates
523 464 871 544 miserae-mihinam
889 464 1010 532 suisti!
1082 477 1087 484 '
1206 481 1210 488 '

173 639 180 652 .
229 583 384 658 Possidet
402 606 448 650 en
468 579 571 648 saltus
590 574 650 644 illa
670 578 817 664 juvenca
835 595 941 646 meos.

168 699 222 769 Sit
242 690 499 781 saciaqmmvis
518 686 685 771 insignis,
707 680 862 752 adultera
882 694 978 748 certe
998 695 1083 750 etta·
1148 685 1216 758 Μ

231 801 389 871 Deseruit
407 797 562 892 patrios,
583 793 721 883 hospite
743 807 868 880 capta,
888 789 988 858 Deos.
1068 877 1073 884 ι
1107 819 1112 846 ι

167 911 267 986 lllam
287 909 332 975 de
353 906 464 994 patria
487 903 660 985 Theseus,
684 899 773 989 (nisi
796 897 938 965 nomine
957 894 1089 989 fallor)

231 1014 356 1085 Nescio
376 1013 453 1106 quis
475 1008 651 1093 Theseus,
672 1005 815 1076 abstulit
834 1020 1006 1086 autema,

104 1321 109 1329 ,
168 1261 223 1319 ties
251 1277 315 1316 eam
352 1249 477 1313 famulae
510 1258 676 1310 coemerent
703 1270 764 1328 non
785 1262 881 1330 potest
899 1247 1023 1308 Oenone
1045 1267 1062 1305 a
1084 1231 1213 1322 lurpitn·

168 1341 319 1405 marmorei
338 1337 456 1396 thalami
479 1334 623 1407 claustris,
641 1346 676 1394 ut
706 1334 773 1392 dine
787 1355 902 1394 morum
914 1325 1214 1394 Helenes-deserum,-

168 1447 305 1486 msauam.
315 1421 465 1481 Phari-has
474 1422 586 1496 Nempe
596 1417 676 1497 quod
706 1417 762 1489 da,
781 1418 916 1497 adquam
929 1418 1032 1475 iterum
1049 1416 1214 1489 iterumque

169 1511 329 1569 Cassandra
341 1525 453 1584 semper
462 1505 582 1561 inlausta
589 1522 673 1582 prae·
705 1501 868 1575 relabitur,
892 1514 943 1573 ut,
976 1510 1115 1579 quantum
1146 1492 1216 1554 fieri

169 1596 285 1663 diceret,
297 1589 461 1670 parentibus
475 1586 601 1644 erosain
613 1596 675 1641 tur·
703 1587 794 1664 possit
811 1584 961 1658 acerrime,
976 1579 1110 1642 Paridem
1129 1602 1147 1638 a
1166 1585 1216 1640 cu-'

171 1682 227 1740 rim
248 1677 389 1755 lapideam
413 1675 539 1748 conjecta
559 1669 673 1739 fertur,
704 1670 831 1747 piditatis
855 1670 923 1748 vitio
949 1673 1082 1736 revocet,
1106 1665 1215 1722 arden·

170 1762 221 1824 ubi
249 1765 337 1824 vitam
364 1760 497 1834 degeret,
526 1761 556 1810 et
578 1769 675 1810 secum
704 1753 869 1830 tissimeque
900 1751 938 1816 ad
967 1749 1060 1826 legem
1088 1747 1216 1806 foederis

171 1846 378 1906 vaticinaretur.
405 1835 574 1899 Cautes-..ad
586 1836 675 1913 Lyco·
706 1838 873 1896 servandam
899 1844 929 1890 et
953 1832 990 1891 ad
1019 1852 1103 1889 suum
1133 1830 1217 1888 arbi·

171 1931 237 2011 phr.
254 1931 293 1988 in·
305 1928 414 2002 Proleg.
431 1923 539 1980 Aduot.
707 1922 793 1978 trium
806 1918 978 1980 exhortetur.
997 1915 1154 1987 Ponamus,
1166 1915 1215 1971 in.

212 2035 268 2072 raa.
293 2016 337 2072 m
351 2015 419 2070 nulli
432 2019 483 2065 etc
517 2004 677 2061 Mecontra
707 2005 785 2081 quit,
802 1999 1021 2079 pulcherrimam
1038 2018 1121 2072 esse,
1147 1999 1217 2058 nul·
1261 2015 1263 2019 ·

171 2104 214 2175 (e
241 2093 406 2172 contrario)
432 2102 528 2148 tantus
559 2107 594 2143 ex
623 2084 678 2142 hac
707 2087 784 2162 lique
800 2086 890 2142 forma
906 2082 1027 2155 oedere3
1049 2102 1096 2141 res
1116 2094 1215 2146 tamen

172 2184 366 2262 praedictione
375 2181 459 2235 timor
468 2171 616 2248 terrorque
624 2167 679 2226 ob·
709 2169 771 2249 ipsa
789 2168 935 2252 loquitur,
965 2168 1079 2245 ingenio
1102 2166 1216 2224 teterri-

172 2269 287 2346 cnpavit
308 2279 341 2324 ut
357 2266 501 2340 flaventes
527 2255 601 2334 (qui
622 2254 678 2311 cri·
709 2274 787 2312 mam
816 2252 925 2325 rideri,
963 2251 1042 2331 qnod
1070 2250 1216 2330 hospitem
1245 2310 1247 2312 ,

171 2355 255 2413 nium
279 2350 357 2408 color
379 2342 539 2405 habebatur
561 2336 679 2416 pulcer·
709 2337 889 2394 sanctissimis
901 2336 1025 2415 conjugii
1036 2332 1216 2415 pactionibus¹

173 2438 283 2509 rimus)
299 2451 395 2491 oomue
414 2431 588 2505 ciirigotnt,
604 2421 680 2506 rige·
708 2422 882 2480 ‘antetulerit
899 2422 964 2481 Sax·

174 2531 257 2590 rent,
275 2527 384 2574 erectae
399 2521 513 2571 starent
588 2518 592 2525 ’
747 2510 885 2587 Qrmmois.
921 2504 1118 2579 Quantumris
1205 2502 1210 2517 '

203 2611 258 2664 ra&
272 2606 349 2659 γεω
358 2618 411 2677 pro
423 2616 519 2656 verax.
529 2592 630 2653 tuor
642 2589 680 2647 ad
749 2594 816 2661 rati.¹
837 2593 972 2648 Deseruit
987 2592 1122 2665 patrios,
1148 2589 1217 2647 Iros·

174 2695 285 2759 rsayt.
301 2689 352 2763 Ep.
366 2682 445 2741 XVI.
462 2680 572 2738 Graece
593 2679 682 2745 ditiis
705 2680 878 2754 pitecnpta,
895 2677 983 2730 Deos.
1019 2671 1079 2727 Sibi
1092 2669 1216 2730 invioern

174 2777 242 2835 Vid.
258 2767 420 2831 liemsterh.
436 2765 473 2822 ad
492 2761 680 2821 TimaciLex.
711 2761 1009 2838 opponunturpatrios
1020 2759 1099 2813 Deos
1110 2764 1140 2809 et
1150 2757 1217 2822 hos·

174 2862 248 2920 Plat
264 2877 329 2936 pag.
342 2862 382 2913 ta.
405 2850 479 2907 Edit
496 2847 610 2905 Ruhnh.
629 2842 680 2922 qui
707 2851 869 2925 pitecaptm
883 2844 965 2915 Quae
972 2838 1116 2897 antithesis
1129 2841 1217 2896 etiam

176 2945 241 3006 hl.
266 2942 303 2999 ad
318 2939 347 2999 h.
366 2935 452 2994 Ovio.
470 2953 509 2991 vs.
527 2930 661 2989 laudavit
711 2932 749 2987 ad
767 2930 893 2984 Helenae
925 2923 1032 2981 crimen
1054 2921 1219 2999 augendum

217 3035 273 3097 rad.
300 3023 430 3081 Posmiet
451 3028 504 3075 eta
532 3016 577 3074 Cf.
602 3013 680 3072 Adn
711 3016 777 3074 lacit
789 3057 798 3083 ,
827 3011 883 3068 hoc
913 3027 1017 3066 sensu:
1052 3009 1218 3081 Quantum·

178 3115 217 3174 ad
238 3131 278 3172 vs.
293 3129 349 3178 1¹7·
366 3105 393 3164 h
411 3104 463 3180 Ep.
712 3100 756 3158 ris
781 3097 906 3154 formosa
922 3093 959 3150 sit
982 3091 1113 3160 Helena,
1140 3100 1218 3146 oerte

214 3192 357 3273 Quoniam
378 3188 410 3244 in
437 3184 612 3246 Cassandrae
636 3180 682 3239 di·
714 3181 842 3241 adultera
859 3188 903 3235 est
913 3189 943 3234 et
953 3182 1065 3255 patrios
1076 3175 1153 3231 Dcos
1166 3172 1219 3230 dc·

178 3277 329 3350 virationis
344 3272 467 3333 somnula
480 3274 622 3348 juvencae
647 3266 683 3324 lit
714 3264 822 3334 seruit,
838 3267 1114 3343 peregrinos'secuta
1133 3276 1219 3334 prop·

176 3364 310 3437 mentio,
334 3371 368 3417 ut
394 3356 591 3417 traduceretur
612 3352 685 3413 haec
713 3363 759 3408 ter
781 3368 908 3406 amorem
931 3345 1060 3425 hospitis.
1104 3340 1150 3398 Sic
1169 3340 1219 3397 ita·

174 3437 683 3521 rhoditudommipraesentisima·
715 3456 772 3514 que
796 3433 903 3513 duplex
930 3433 985 3490 erit
1014 3428 1141 3484 Helenae
1167 3424 1219 3482 cri.

180 3540 278 3615 ginem
295 3531 388 3611 aptius
399 3526 511 3584 nullum
527 3524 616 3597 Poeta
630 3541 684 3580 vo·
715 3540 800 3592 men,
818 3521 1003 3579 amuertwu,
1021 3523 1050 3569 et
1059 3515 1221 3587 portiom

179 3614 685 3688 eabulnminrenirepoterat,quam
715 3605 844 3661 Deorum
863 3604 991 3659 desertio

182 3708 283 3776 saltim,
301 3702 331 3759 in
347 3697 450 3776 quibus
461 3694 576 3772 proprie
587 3701 684 3749 errant
763 3708 818 3755 ¹27·
853 3687 943 3743 Illam
968 3693 1018 3739 etc
1053 3678 1094 3735 Ut
1123 3688 1220 3736 autem

183 3801 215 3846 et
238 3798 390 3865 pascuntur
415 3785 572 3858 juvencae,
598 3791 683 3848 sae-pe
715 3769 815 3826 clarius
835 3777 986 3845 appareat,
1010 3764 1152 3829 Helenam
1172 3763 1219 3820 diu

181 3871 268 3931 esiam
284 3892 301 3926 a
314 3869 400 3927 uuris
420 3872 600 3942 expetuntur.
617 3859 682 3913 Sar.
714 3858 770 3930 jam
784 3863 850 3908 ante
867 3850 986 3928 pudoris
999 3850 1078 3926 signa
1094 3847 1222 3923 reliquis·

229 3960 287 4013 125.
323 3954 367 4012 Sit
385 3953 471 4031 flacit
496 3958 547 4006 etc.
590 3940 685 4002 Arelli
716 3956 767 4012 sc,
794 3934 960 3996 memoriam
989 3945 1088 4015 raptus
1117 3934 1177 4008 ejus
1201 3947 1219 3983 a
