2692 4850
262 269 576 378 'retunsa
619 303 994 378 nrrrorrro.
1116 317 1161 403 aa·

135 493 199 564 Ars
221 491 283 577 rit,
303 507 343 560 ut
363 517 383 557 a
404 490 529 566 teneris
552 487 681 556 crimen
705 489 916 560 condiscitur
933 495 1044 564 annis.
1078 521 1081 528 ’
1118 503 1160 569 25

135 653 140 666 .
194 600 291 688 Quae
312 600 406 666 venit
425 613 543 663 exacto
566 610 740 685 tempore,
763 601 863 686 pejus
883 618 983 670 amat.
1028 619 1031 628 ’

132 702 188 782 Tu
205 711 296 778 nova
315 721 465 794 servatae
487 705 599 794 capies
619 702 784 772 libamina
805 704 939 778 samace
972 743 976 752 ¹

187 811 238 880 *Et
259 810 392 900 pariter
411 813 568 880 nostrum
589 812 651 880 liet
670 830 817 903 uterque
838 837 978 886 nocens.

130 1058 463 1139 inpolitum,incultum;
479 1059 633 1138 hincigna·
701 1069 751 1133 25,
770 1067 809 1119 26.
836 1065 896 1121 Ars
909 1069 953 1140 stt
973 1076 1026 1123 etc
1061 1064 1167 1123 Sensus

130 1165 216 1217 mun,
233 1143 359 1200 inscium
666 1161 723 1205 ests
749 1145 806 1202 Ubi
824 1147 882 1204 sive
904 1151 1017 1223 quando
1035 1149 1081 1209 vel
1097 1170 1169 1224 qua·

166 1234 207 1296 al.
233 1229 365 1288 sarcina
401 1228 504 1306 Onus,
529 1231 633 1291 amoris
668 1244 751 1290 tenus
777 1229 887 1287 crimini
907 1234 1076 1306 (arnandi),
1100 1231 1168 1288 inli-

24 1381 26 1388 γ
126 1311 269 1373 molestia.
287 1316 299 1345 '·
422 1324 424 1328 '
668 1313 727 1373 cito
749 1313 855 1385 amori,
883 1312 919 1371 ab
941 1315 1056 1373 ineunte
1076 1327 1170 1373 aetate

165 1398 252 1455 Sedet
266 1413 322 1450 nou
338 1405 412 1471 apta.
438 1398 564 1456 Adsidue
583 1397 637 1457 mi·
667 1398 774 1458 semina
793 1417 910 1475 operam
931 1399 1028 1471 dedit,
1051 1399 1081 1457 in
1100 1400 1169 1458 artis

24 1483 25 1486 ’
127 1478 165 1537 hi
194 1476 354 1534 molestiam
382 1479 476 1553 parit,
502 1484 635 1541 continuo
666 1484 788 1541 formam
798 1503 878 1542 amor
888 1483 941 1539 iste
955 1482 1171 1556 abit,sive'cre·

132 1557 571 1639 megrarat,quiasarcinailla
583 1586 638 1623 non
667 1566 720 1622 bro
757 1567 887 1623 exercitio
918 1566 970 1625 sibi
1006 1568 1170 1625 facultatem

129 1657 221 1726 apta,
235 1663 294 1702 non
308 1642 496 1712 conveniens,
510 1665 583 1705 nova
597 1659 640 1702 est
669 1649 826 1725 quaesivit,
847 1650 1018 1708 moderatius
1042 1663 1072 1707 et
1093 1650 1173 1709 velut

131 1728 244 1812 pectori
263 1745 338 1785 meo.
373 1725 420 1782 De
442 1725 530 1786 verbo
545 1730 642 1787 sedere
671 1750 707 1787 ex
723 1731 889 1806 quibusdam
906 1736 1063 1811 praeceptis
1076 1756 1171 1793 aman·

130 1814 170 1875 V.
188 1811 323 1872 Scheller.
352 1810 397 1867 cit
412 1812 443 1870 in
462 1823 522 1870 not
540 1812 577 1868 ad
604 1829 641 1871 vs.
674 1812 721 1870 di:
743 1833 816 1889 quae
844 1837 910 1875 vero
931 1818 1017 1894 longo
1044 1832 1173 1895 tempore

132 1921 166 1971 7²
193 1901 246 1975 Ep.
259 1897 298 1954 Il.
470 1933 477 1944 ·
675 1895 786 1971 elapso,
804 1897 848 1954 vel
867 1918 930 1957 sero
945 1922 1037 1959 amare
1058 1901 1156 1979 incipit
1163 1942 1194 1972 ,.

171 1980 335 2057 Quoniam,
353 1974 446 2056 inquit
463 1979 543 2050 San,
562 1982 644 2056 jure·
674 1978 869 2039 vehementius
900 1993 983 2056 atque
1014 1985 1174 2042 inmodera-

132 2068 180 2127 nis
205 2064 244 2123 ab
262 2064 392 2121 omnibus
416 2064 555 2139 ejtrsmodi
578 2063 643 2120 ille·
675 2063 732 2120 tius
755 2061 835 2118 furit.¹
863 2063 941 2120 Illud
966 2064 1041 2121 enim
1064 2080 1106 2123 est
1124 2089 1176 2143 pe·

134 2149 229 2209 cebris
244 2159 274 2205 et
288 2166 320 2203 re
341 2146 439 2206 uxoria
454 2145 642 2219 abhorrebat,
667 2149 718 2227 jus
741 2158 830 2203 amar.
853 2147 888 2207 V.
913 2167 970 2204 van
994 2148 1116 2225 Lennep.
1139 2151 1177 2208 ad

134 2234 262 2305 ideoque
274 2228 428 2286 verendum
441 2241 510 2300 erat,
521 2249 556 2286 ne
565 2227 646 2286 blan·
677 2251 716 2291 vs.
730 2234 772 2286 26.
792 2228 913 2287 Turseli.
933 2229 992 2306 Op.
1011 2230 1030 2287 l.
1049 2231 1077 2287 in
1096 2252 1121 2290 r.
1140 2239 1178 2289 ut.

137 2317 207 2376 dam
230 2312 335 2370 Sirenis
359 2315 457 2370 uocem
479 2325 645 2370 contemne-
710 2318 845 2373 Criminis
866 2313 1035 2373 vocabulum
1055 2332 1182 2371 commu·

136 2411 201 2473 ret,
238 2398 319 2455 tacite
341 2409 370 2454 et
396 2395 568 2456 subobscure
597 2395 643 2453 in·
675 2419 711 2457 ne
732 2408 775 2456 est
795 2396 925 2456 omnibus
951 2398 1026 2458 vitiis
1053 2400 1113 2458 sive
1138 2396 1179 2454 lc-

138 2487 270 2544 rtitutum
293 2480 367 2541 vitae
390 2501 479 2559 genus
495 2479 644 2561 Hippolyti
674 2483 799 2543 rioribus
831 2485 890 2544 sire
921 2480 1104 2560 gravioribus.
1142 2484 1179 2541 cs.

136 2567 260 2648 probare
276 2566 405 2635 ridetur,
426 2587 483 2622 non
499 2567 597 2623 mirari
610 2584 641 2621 se
673 2581 731 2625 not
758 2568 795 2624 ad
814 2587 908 2638 vary.
934 2567 987 2643 Ep.
1002 2566 1038 2622 Π.
1075 2565 1179 2625 Oratio

137 2652 262 2710 indicans
275 2649 369 2706 odisse
381 2669 448 2706 eum
460 2650 598 2725 jucundos
613 2651 643 2706 in
673 2671 741 2709 sane
760 2650 919 2729 pestilens,
940 2650 1076 2708 exclamat
1095 2652 1180 2724 San,

139 2735 281 2793 amoribus
300 2735 425 2806 fructus,
449 2752 548 2791 eorum
567 2734 645 2792 euim
676 2747 705 2793 et
734 2734 831 2793 virtuti
864 2734 1071 2791 inimicissima!
1107 2735 1181 2809 Quis

136 2820 296 2898 perictrlum
308 2836 453 2891 nunquam
468 2818 643 2895 secisse31u-
673 2840 750 2877 nunc
769 2831 930 2877 succenseat
941 2817 1064 2887 iuribus,
1088 2816 1178 2874 latro-

138 2923 222 2963 vcues
241 2924 303 2961 non
320 2900 406 2977 magis
424 2900 498 2957 serre
514 2921 598 2979 posse
612 2925 645 2959 a·
676 2902 774 2973 nibus,
792 2901 909 2979 aliisque
922 2905 982 2979 ejus
998 2901 1113 2959 furfuris
1126 2901 1180 2958 ho·

118 2990 225 3057 ⁴moris
244 2985 417 3062 imperium,
435 3004 520 3059 quam
540 2987 644 3061 juven·
676 2981 817 3055 minibus,
847 2985 871 3042 si
894 3005 977 3044 suum
996 2986 1115 3065 quisquc
1136 2986 1181 3045 fa·

138 3091 185 3130 cos
200 3076 321 3149 jugum,
337 3079 387 3125 aut
398 3084 486 3140 equos
502 3086 600 3126 recens
610 3068 646 3125 de
676 3074 755 3131 cinus
774 3081 884 3127 mature
905 3071 1032 3129 audeat?

138 3173 225 3234 grege
243 3160 352 3210 sumtus
368 3147 415 3205 rel
432 3151 511 3208 frena
528 3150 574 3208 vel
589 3172 648 3209 ses·
713 3174 754 3224 27.
782 3158 827 3212 Tu
838 3164 890 3210 etc.
909 3154 1013 3211 Adlicit
1025 3174 1090 3211 eum
1105 3174 1183 3212 com·

141 3260 251 3303 torem-r
267 3234 339 3313 quin
355 3231 409 3290 sibi
426 3232 478 3310 ipsi
499 3234 648 3291 molestam
679 3237 858 3296 mandatione
869 3258 937 3297 suae
948 3240 1107 3315 pudicitiae
1124 3243 1182 3312 Tu,

136 3343 201 3392 ,esse
219 3322 298 3380 banc
320 3318 422 3376 amoris
437 3318 591 3389 sarcinam,
608 3327 649 3375 ta·
680 3322 787 3399 inquit,
806 3322 862 3381 eris
878 3323 1004 3402 primus,
1022 3323 1071 3400 qui
1085 3342 1131 3379 me
1141 3324 1184 3380 ui·

143 3410 224 3467 mctsi
242 3409 303 3484 jam
315 3400 487 3483 provectiori
500 3411 591 3457 aetate
606 3403 648 3458 sit
681 3405 813 3476 timeris,
843 3419 873 3465 et
897 3407 1060 3486 pudicitiam
1091 3425 1186 3464 meam

141 3493 222 3569 Quid
242 3508 312 3551 vero
332 3487 438 3558 levius,
465 3483 534 3563 quid
555 3483 649 3559 impu·
682 3486 849 3564 abstuleris,
874 3513 942 3549 nam
965 3514 981 3550 a
1000 3490 1101 3547 marito
1126 3510 1185 3564 nou

143 3577 256 3633 dentius
286 3573 340 3629 hac
377 3567 649 3648 argumentatione?
682 3571 807 3629 aufertur
834 3575 946 3647 mulieri
977 3573 1112 3650 pudicitia
1137 3570 1183 3631 rel

143 3656 357 3717 continentiam
376 3655 453 3715 euim
481 3652 650 3711 adolescen·
677 3655 755 3713 'sarna
781 3659 934 3730 castitatis,
951 3657 1004 3716 sed
1024 3654 1060 3713 ab
1080 3654 1180 3714 alieno.

148 3741 185 3796 tis
204 3763 258 3799 non
287 3752 327 3797 ut.
345 3738 455 3799 virtutis
480 3748 510 3797 et
536 3734 652 3815 sapien·
717 3738 794 3796 Dicit
810 3759 896 3818 ergo,
916 3761 947 3799 se
967 3759 1079 3817 semper
1097 3740 1183 3798 luisse

149 3825 224 3890 tiae,
247 3826 298 3883 aed
319 3834 350 3880 ut
368 3823 492 3891 inscitiae
513 3833 543 3880 et
563 3820 651 3879 rusti·
682 3820 816 3879 intactam
831 3823 968 3881 hactenus
988 3822 1024 3891 ab
1036 3822 1180 3893 omnibus,

149 3907 240 3969 citatis
262 3920 357 3969 nomm
373 3909 584 3999 interpretatur.
646 3907 653 3919 '
675 3918 909 3988 praeterquama
924 3908 1053 3983 Theseo,
1071 3920 1099 3966 et
1115 3906 1187 3984 tlips
