2692 4850
245 374 248 379 ¹
399 342 890 419 PROOEMIUM
1098 363 1156 416 xm

124 542 195 617 lam
214 540 363 627 habeat,
387 542 485 640 qumi
508 562 630 612 eorum
653 494 707 612 'sit
733 562 873 640 semper
888 535 1047 611 :mentiri
1161 558 1165 605 1

177 667 256 742 Scio
280 661 583 766 squidemnihil
604 666 818 764 frequentius
851 662 957 739 hodie
981 690 1076 738 more
1096 664 1160 738 ho·

127 795 264 868 minum
283 792 525 882 circumferri,
549 794 654 892 quam
677 792 909 865 Horatianum
928 790 1032 865 illud·

226 1047 235 1064 .
262 1042 272 1062 .
301 1046 310 1063 .
340 1046 348 1061 .
375 1045 383 1059 .
407 1020 429 1059 u
456 984 781 1088 Pictoribusatque
805 987 923 1060 Poetis

91 1160 94 1169 ·
222 1114 404 1210 Quidlibet
427 1112 578 1217 audendi
598 1138 736 1214 semper
760 1114 825 1185 suit
849 1138 956 1213 aequa
980 1110 1164 1215 potestaS.”

127 1307 198 1384 Sed
226 1310 389 1382 nesciunt
420 1310 509 1383 forte
534 1298 746 1411 rimperitum
780 1309 872 1382 himo
908 1306 1000 1406 volgi
1026 1279 1185 1383 sermo-⁹

126 1460 237 1525 nem,
253 1432 419 1533 quo-‘suos
444 1428 640 1511 carminum
662 1446 795 1510 naevos
806 1456 954 1535 purgare
975 1447 1052 1507 tum
1077 1434 1167 1510 sole·

123 1550 504 1653 bononiensium,
527 1563 608 1636 ideo
632 1563 678 1637 ab
702 1564 843 1636 Horatio
863 1558 1006 1650 induci,
1031 1589 1106 1634 non
1124 1575 1166 1634 ut

126 1684 182 1758 itti
201 1681 468 1781 suffragaretur,
492 1687 555 1758 sed
572 1702 612 1759 ut
629 1714 757 1760 vanum
776 1701 812 1760 et
831 1686 992 1785 ineptum
1019 1686 1168 1784 satyrico

128 1809 203 1884 sale
228 1804 464 1911 perfrioamtt'
486 1810 634 1910 proinde
662 1814 778 1886 statim
803 1812 994 1911 subiungit.
1044 1840 1065 1880 o
1092 1811 1167 1883 Soi-

130 1962 232 2027 mus‚
257 1950 294 2010 et
329 1935 420 2010 huno
450 1939 589 2012 veniam
610 1938 828 2037 petimusque
852 1936 1041 2038 damusque
1065 1937 1166 2012 vicis·

134 2059 221 2135 εἰιιιη
258 2054 466 2136 Vereo'unde
494 2088 590 2136 sane.
640 2062 751 2156 Quasi
774 2076 973 2159 agnosceret
999 2064 1101 2135 etiam
1128 2065 1167 2138 in

133 2189 209 2260 suis
229 2158 443 2266 ominibus
460 2186 614 2287 aliquid,
639 2185 737 2289 quod
755 2182 881 2259 tollere
902 2183 1025 2274 velles;
1048 2212 1167 2259 rerum

131 2309 231 2384 illioo
265 2308 362 2382 addit
386 2313 553 2403 arietem,
583 2336 653 2413 quo
676 2325 747 2385 tota
768 2310 829 2385 itta
849 2311 927 2384 falsi
954 2306 1076 2408 judicii
1109 2335 1169 2384 arx

134 2435 399 2512 subvertebaou
422 2469 443 2509 u
463 2437 637 2530 sednon,
662 2438 841 2538 inquiens,
867 2452 908 2511 ut
925 2437 1071 2539 placidis
1089 2446 1171 2512 coe·

89 2563 93 2584 '
139 2576 203 2636 ant
217 2563 391 2656 immitia,
416 2589 487 2638 non
513 2578 555 2638 ut
580 2557 758 2667 serpentes
781 2563 900 2639 aribus
926 2563 1168 2663 'geminentur,

135 2687 278 2787 tigribus
293 2687 404 2789 'agui’'
428 2691 535 2767 Unde
552 2696 686 2767 ratione
706 2689 946 2765 concludimus
967 2693 1169 2789 primarium

137 2816 279 2915 quidem
300 2816 444 2918 aetionis
465 2841 596 2918 genus,
621 2819 658 2892 in
682 2843 753 2918 quo
773 2814 1001 2889 describendo
1022 2841 1170 2916 oocupa-

138 2953 197 3015 tur
219 2967 381 3036 carmen,
405 2965 506 3043 posse
533 2957 592 3018 out
609 2942 707 3017 nullo
725 2956 784 3016 ant
802 2943 936 3015 incerto
958 2955 1096 3014 auctore
1115 2967 1173 3014 su·

139 3067 210 3158 mi,
243 3067 307 3140 sed
332 3082 446 3143 cetera
475 3072 593 3144 omnia
626 3070 835 3169 argumentis
860 3094 903 3141 ex
925 3069 1076 3144 Historia
1099 3067 1171 3140 sire

138 3217 219 3267 vera
245 3193 315 3266 sire
340 3193 502 3288 fabulari,
528 3217 556 3269 e¹
571 3198 812 3298 Geographia,
839 3195 982 3296 diisque
1004 3195 1043 3266 id
1063 3218 1171 3293 genus

140 3318 272 3393 artibus
306 3319 450 3419 petius,
486 3335 656 3414 naturae,
690 3324 897 3413 hominum,
935 3318 1172 3419 poprdorum,
1266 3306 1273 3318 ’

141 3460 343 3550 temporum
371 3469 506 3521 caussas
531 3448 660 3520 imitari
688 3463 858 3547 oportere.
906 3449 1006 3542 Quae
1038 3469 1185 3543 genera·-

143 3574 208 3647 tim
247 3573 418 3663 diximus,
455 3572 596 3648 elarius·
623 3574 905 3677 manifestiusque
939 3571 1174 3669 exemplorum

145 3698 350 3773 inductione
380 3695 612 3801 apparebunt
661 3700 844 3772 Sumamuo
868 3701 1061 3773 Homerum
1088 3700 1175 3773 vir·

18 3909 19 3918 χ
146 3822 350 3927 ςὶΗυωφιθ,
374 3826 499 3928 quibus
519 3825 649 3902 deinde
676 3825 722 3900 ad
739 3825 841 3899 latus'
855 3849 986 3925 ponere
1006 3825 1174 3900 Nostrum

146 3947 286 4064 juvebit.
335 3950 441 4051 Apud
467 3952 659 4028 Homerum
686 3978 767 4053 ergo
795 3955 835 4024 in
871 3943 983 4026 Iliade
1016 3955 1092 4052 (ut.
1107 3954 1174 4026 hoc
