2692 4850
435 334 920 453 PROOEMIUM.
1124 358 1193 417 xtn

53 570 57 577 ¹
161 540 265 613 brem
283 530 415 636 poscit,
437 540 503 607 'aut
526 535 596 608 leri
622 556 701 606 rore
733 533 850 631 spargi
875 544 985 621 amat,
1009 535 1045 605 in
1071 533 1194 634 quibus

22 728 23 785 ,
161 661 323 741 omnihus
344 675 467 759 regnat
499 661 640 735 audacia
672 657 777 748 felix,-
800 684 875 730 non
907 658 1056 757 prolecto
1087 661 1195 735 insor-

22 792 23 799 ’
161 786 290 862 manda
309 812 352 861 ex
371 797 500 860 misero
524 786 640 888 aliquo
664 782 785 857 Gradu
808 784 853 857 ad
882 785 1111 879 Parnassum,
1136 803 1197 864 aut

161 917 293 989 nescio,
312 911 438 1015 quibus
459 914 646 1013 prosodicis
668 911 876 985 Lexicornm
899 909 1111 1010 quisquiliis,
1134 914 1196 987 sed

160 1067 205 1115 ex
226 1043 302 1142 ipsa
323 1043 512 1115 Poetarum
535 1054 691 1113 veterum
711 1032 846 1108 assidua
867 1033 1026 1108 lectione.
1073 1037 1197 1140 Neque

156 1168 219 1242 laic
248 1195 311 1245 nos
341 1167 532 1242 morabitur
556 1191 647 1239 rana
671 1161 917 1262 plerorumque
947 1161 1198 1237 Grammatico-

158 1320 241 1367 rum
264 1282 464 1395 praeceptio
491 1292 535 1367 de
561 1289 700 1364 licentia
726 1289 875 1389 poetica.
925 1286 1082 1359 Utantur
1100 1289 1201 1364 fami.

159 1419 294 1493 liariter
314 1421 528 1509 Priscorum,
552 1418 590 1490 in
612 1415 737 1517 primis
760 1411 879 1486 Ovidii
895 1413 1122 1505 carminibus,
1146 1418 1199 1488 vi·

161 1541 302 1615 debunt
328 1558 455 1640 gratam
479 1544 547 1617 illis
580 1567 683 1642 saepe
715 1539 959 1639 negligentiam
987 1554 1023 1611 et
1048 1539 1198 1616 liberum

160 1666 332 1769 placuisse
346 1665 535 1767 spiritum.
581 1667 675 1758 Quid
702 1666 824 1739 enim?
859 1664 1109 1740 Putabimnsne
1135 1696 1200 1743 nu·

160 1818 343 1871 merorum
375 1789 543 1881 vincula,
565 1792 689 1891 quibus
718 1791 871 1866 adstricti
896 1806 1018 1885 erant,
1044 1794 1198 1867 timuisse

162 1930 286 2022 poetas
314 1934 351 1994 et
377 1919 616 2008 commisisse,
651 1930 693 1987 ut
714 1916 890 2005 licentius,
924 1945 1026 2019 quam
1056 1919 1198 1995 dicendi

167 2047 385 2123 consuetudo
406 2042 564 2135 ferebat,
589 2042 627 2114 in
650 2039 837 2114 scribentlo
861 2047 1073 2139 peccarent?
1117 2046 1199 2145 lpse

164 2187 263 2247 certe
286 2172 434 2247 Ovidius
450 2168 495 2242 de
517 2195 554 2242 se
580 2183 722 2241 etcum
745 2191 787 2238 eo
807 2165 925 2266 plures
949 2164 1009 2237 alii
1027 2169 1199 2241 verissime

167 2296 309 2395 gloriari
330 2308 490 2395 poterant

164 2496 295 2597 Sponte
321 2516 381 2564 sua
405 2515 567 2565 numeros
592 2517 733 2566 carmen
759 2489 918 2566 veniebat
943 2491 988 2564 ad
1011 2508 1132 2592 aptos:

213 2621 281 2710 Et,
305 2614 602 2720 quodtentabam
626 2616 766 2707 dicere,
795 2643 913 2691 versus
939 2632 1012 2691 erat
1032 2620 1118 2715 (3).

166 2817 257 2889 Sane
290 2815 350 2915 qui
384 2826 506 2915 peonis
537 2813 630 2890 varia
659 2813 818 2888 lectionis
845 2812 1075 2915 Antiquorum
1103 2820 1201 2918 eopia

166 2939 375 3013 innutritum
410 2938 540 3031 habet,
576 2939 740 3039 intelligit
770 2952 890 3039 suopte
922 2940 1051 3041 judicio
1095 2942 1203 3017 alium

168 3087 367 3138 sermonem
389 3064 427 3137 in
455 3068 632 3156 oratione,
669 3066 774 3141 alium
806 3068 844 3139 in
875 3065 1069 3167 quotidiana
1094 3068 1204 3142 homi·

167 3215 260 3264 num
286 3189 557 3283 consuetudine,
594 3191 698 3266 alium
713 3195 764 3266 >in
787 3191 1005 3281 ,carminibus
1036 3192 1206 3267 obtinuis-

170 3342 229 3389 se:
256 3311 407 3416 proinde
430 3318 458 3388 si
483 3290 561 3417 quis
591 3320 682 3391 ausit
709 3318 817 3396 hodie
843 3319 1022 3420 quippiam
1054 3319 1206 3392 carmine

170 3442 315 3531 Latino,
350 3439 479 3539 cogitet
511 3441 666 3541 primum
689 3447 835 3538 Latine,
858 3442 954 3546 quod
991 3458 1045 3516 est
1072 3444 1206 3518 verissi-

170 3592 270 3643 mum
292 3565 422 3644 Clerici
444 3569 486 3641 iu
507 3569 603 3641 omni
630 3567 803 3643 scribendi
827 3596 971 3670 genere,
996 3566 1091 3671 quod
1115 3571 1212 3645 Lari«

171 3718 217 3765 ne
245 3694 309 3787 fit,
339 3708 590 3795 praeceptum,
616 3721 731 3770 mores
763 3696 885 3797 populi
915 3678 1082 3788 Romani,
1113 3699 1208 3796 inge·

175 3817 296 3910 nium,
322 3821 408 3895 ritus
433 3846 515 3896 cum
553 3846 667 3916 sacros
700 3836 774 3896 tum
801 3821 920 3898 civiles
944 3835 1080 3915 teneat,
1104 3823 1211 3897 histo·

208 4094 220 4167 l
229 4093 267 4168 3)
289 4095 372 4157 Tritt.
393 4093 426 4156 'la
438 4099 488 4164 lv.
512 4096 556 4158 El.
577 4119 617 4157 ro.
642 4119 681 4164 vs.
697 4105 740 4158 ²5.
760 4118 799 4176 sq.
936 4109 939 4118 ·
