2692 4850
177 315 221 402 ,s
371 308 692 378 eersrouu
735 303 1011 396 Questus,

176 498 253 565 lloc
276 519 413 588 quoqne
435 493 534 562 letale
556 508 627 557 ests
650 475 781 583 placuit
802 488 923 558 domus
937 515 1006 557 nna
1027 493 1173 567 duabus.

243 602 301 668 Me
326 618 380 666 tua
401 600 508 670 forma
530 599 647 687 capit,
670 617 769 693 cepta
789 616 934 690 petente
952 622 1061 668 soror.

180 706 349 775 Thesides
372 706 593 797 Theseusque
615 703 699 772 duas
720 730 865 794 rapuere
884 730 1028 776 sorores.
1171 715 1216 788 65

206 851 209 858 ·
243 816 365 882 Ponite
387 813 431 883 de
452 831 568 882 nostra
588 815 672 881 hina
696 830 834 905 tropaea
854 816 968 884 domo.
1061 865 1066 872 -

52 943 56 948 ·
178 919 370 1012 Tempore,
393 944 464 1013 quo
485 919 581 1000 'vohis
602 920 691 986 inita
709 936 762 986 est
782 921 931 991 Cerealis
952 923 1119 1013 Fleusin,

240 1031 368 1099 Gnosia
388 1054 442 1100 me
458 1027 590 1100 uetlem'
608 1028 810 1098 detinuisset
829 1026 965 1098 humus.

175 1271 274 1330 eadem
295 1286 395 1351 gente,
418 1279 485 1338 sive·
501 1295 680 1337 communen
710 1279 785 1339 nisse
797 1275 958 1336 Phaedram
971 1272 1213 1359 etllippolytum,

176 1368 262 1434 atque
289 1359 418 1418 eamdem
440 1381 504 1419 eum
533 1374 625 1420 matre
650 1372 680 1419 et
710 1365 748 1422 ad
774 1381 848 1440 quae
868 1363 996 1422 inmensa
1022 1375 1214 1443 spectatorum

175 1459 273 1497 sorore
293 1455 397 1504 sortem
417 1446 547 1524 experiri.
711 1446 863 1507 multitudo
889 1447 1065 1519 confluebat,
1087 1451 1161 1506 adeo
1182 1458 1215 1504 ut

173 1541 183 1554 '
213 1529 321 1584 Ultima
338 1533 436 1603 gentis.
471 1529 546 1603 Quia
562 1527 692 1602 'omues‚'
711 1529 823 1607 triginta
835 1525 923 1587 millia
933 1541 1086 1610 mystarum
1097 1546 1126 1590 et
1136 1552 1215 1609 spec·

176 1626 252 1683 quiae
271 1629 317 1666 me
334 1624 562 1684 auteeesserunt,
580 1614 618 1670 ita
639 1614 681 1672 le*
711 1626 836 1672 tutorum
849 1614 970 1672 adfuisse
994 1614 1140 1673 tradiderit
1158 1617 1216 1672 lle·

176 1704 293 1764 oeruut;
310 1696 375 1770 quia
391 1697 525 1755 hlineset
539 1695 679 1775 Pasiphae
711 1698 771 1755 rod.
795 1698 831 1756 V.
858 1697 962 1754 dehis
983 1698 1061 1754 lestis
1083 1698 1214 1776 Scaliger.

175 1793 236 1831 nou
254 1775 498 1839 habebant‘aliam
518 1779 604 1838 liliam
625 1780 680 1837 mi·
710 1779 855 1838 adEuseh.
875 1779 1038 1838 Chronioon
1055 1781 1092 1838 ed
1106 1791 1216 1844 annuni

178 1876 278 1916 norem
299 1875 367 1919 natu
389 1864 526 1921 Phaedra
545 1863 661 1920 Hubert
710 1864 912 1922 ttttcxhvn.
954 1861 996 1919 Er
1030 1863 1084 1921 hac
1118 1865 1217 1941 iisque

230 1950 272 2002 65.
298 1950 449 2022 Thesides,
466 1946 571 2006 Thesei
587 1946 680 2024 filius,
711 1950 869 2023 conjectura
898 1949 1028 2024 poenitet
1053 1947 1216 2006 Phaedram

76 2023 79 2032 '
174 2026 354 2108 Hippolytus.
710 2032 884 2110 praesentiae
910 2031 942 2087 in
975 2032 1048 2089 sesto
1079 2032 1214 2104 Cereris,

175 2131 181 2140 ·
211 2119 295 2172 Duas
312 2135 435 2193 rapuere
466 2115 594 2175 Theseus
613 2135 682 2194 pro·
712 2125 741 2170 et
759 2114 868 2173 mavrtlt
886 2115 917 2171 in
938 2113 1026 2172 Creta
1050 2136 1080 2173 se
1101 2116 1197 2174 luisse.

174 2199 238 2273 pu'e
265 2207 373 2276 reperit,
396 2202 424 2258 h.
443 2220 468 2256 e.
493 2201 565 2257 elam
584 2220 681 2257 secum
747 2201 893 2256 Troezene
912 2198 1073 2256 Eleusinem
1089 2198 1126 2256 ad
1138 2204 1216 2257 sacra

178 2282 324 2339 Ariadnen
351 2282 487 2352 abduxit,
509 2283 681 2359 Hippolytus
712 2285 825 2341 Cereris
846 2281 1015 2340 celebranda
1029 2285 1137 2340 venisse
1148 2284 1216 2360 llip-

177 2363 336 2421 Phaedram
367 2383 426 2422 non
456 2367 546 2436 item,
576 2366 619 2421 uti
645 2383 682 2422 ex
710 2366 842 2445 polytum
856 2378 937 2445 patet
952 2381 988 2424 ex
1002 2363 1128 2445 Euripid.
1147 2367 1217 2445 Hip·

175 2468 256 2525 seqq.
273 2458 359 2524 patet.
710 2452 769 2531 pot
787 2470 829 2511 rs.
845 2459 887 2519 al.
903 2468 964 2530 sqq.

212 2536 254 2589 66.
277 2537 426 2610 Tropaea,
445 2551 498 2610 pp.
515 2530 619 2590 umora
634 2548 681 2589 ar·
745 2540 827 2595 Irrita
845 2548 896 2595 est
919 2528 1022 2592 adiisti
1041 2536 1097 2609 jam
1119 2535 1214 2594 initia·

177 2636 289 2673 morum
309 2618 440 2691 congerie
462 2615 594 2675 adornari
610 2616 680 2674 soli·
712 2632 777 2689 tus,
802 2626 844 2680 uti
864 2638 899 2678 ex
921 2618 975 2678 adt
994 2617 1135 2694 Euripidis
1153 2619 1216 2679 loco

177 2708 207 2756 ¹⁸
229 2711 295 2776 Ρῡῠῖ
310 2703 454 2760 victoriam
471 2700 501 2755 ln
518 2700 580 2756 1⁰⁰0
598 2718 681 2777 pm·
711 2706 809 2766 videre
834 2716 883 2763 est
925 2700 1095 2778 strumus,
1122 2703 1217 2779 inquit

178 2783 208 2839 lii
225 2795 304 2862 patet
325 2803 360 2843 ex
379 2785 453 2865 Nep.
470 2786 502 2843 itt
520 2784 641 2843 Datame
656 2802 686 2843 α’
712 2792 792 2862 San,
810 2787 920 2848 dicendi
930 2784 1001 2844 ratio
1014 2785 1042 2840 in
1056 2792 1139 2857 urite,
1158 2807 1215 2864 qua

179 2875 204 2923 8.
223 2875 304 2927 Μ.
712 2876 872 2933 existimant
907 2869 1062 2948 respexisse
1095 2872 1214 2928 Poetam'

178 2974 185 2981 ·
215 2957 257 3018 67.
282 2956 413 3013 Cerealis.
430 2954 463 3010 el.
483 2956 506 3028 5.
520 2960 546 3012 6.
563 2956 680 3031 Argum.
712 2960 748 3017 ad
773 2965 879 3029 tutia,
902 2954 949 3016 rel
976 2955 1107 3032 mysteria
1129 2956 1215 3012 Eleu-

181 3038 296 3093 Eleusin
324 3037 383 3095 sive
403 3037 511 3094 Eleusis
528 3037 607 3094 urhe
631 3041 682 3092 At·
712 3046 803 3117 sinjaq
831 3042 910 3119 quod
929 3051 1014 3117 negat
1030 3040 1214 3096 Burmannus.

178 3120 256 3176 ticae.
291 3121 481 3177 Athenienses
503 3122 681 3179 inventarum
712 3126 812 3183 Nescio
839 3147 874 3183 an
896 3129 976 3201 jure3
999 3125 1140 3200 sumitque
1162 3142 1216 3200 pro

170 3206 291 3279 ‘furgum
303 3205 419 3281 gloriam
429 3206 482 3262 sibi
493 3206 681 3279 vindicabant,
712 3217 800 3271 adire.
818 3241 855 3258 -
871 3198 937 3266 Nou
953 3228 1041 3286 nego,
1058 3214 1130 3266 inire
1140 3208 1215 3264 idern

180 3299 212 3343 et
224 3288 312 3346 civem
325 3288 547 3365 Triptolemum,
565 3292 609 3346 cui
625 3293 683 3348 Ce-
714 3316 774 3354 esse
797 3315 830 3354 ec
850 3302 979 3365 intrare,
1002 3306 1102 3352 vetum
1121 3303 1215 3348 tamen

182 3391 228 3430 res
256 3373 398 3431 Eleusinia
427 3375 598 3449 spargendas
629 3394 685 3451 ptr
714 3381 760 3439 hic
775 3382 866 3458 majus
886 3377 1037 3456 quiddam,
1056 3375 1216 3448 quamslnt·

182 3458 280 3515 orbem
298 3460 393 3536 fruges
408 3457 559 3515 credidisse
571 3459 686 3516 videba-
714 3467 781 3545 plex
805 3465 882 3521 urhis
902 3462 994 3519 aditus
1015 3458 1108 3512 notari
1131 3457 1217 3515 debe-²

179 3550 235 3599 tur.
254 3543 347 3600 lleius.
382 3543 467 3599 Recte
488 3541 583 3618 itaque
602 3543 684 3600 addi·
714 3549 784 3621 δαίς
799 3543 951 3604 solennitas
971 3540 1077 3614 quippe
1093 3538 1217 3599 celeber·

183 3636 233 3681 tur
251 3627 395 3703 epitheton
413 3628 558 3696 Cerealis,
584 3628 637 3683 sed
654 3637 685 3683 et
715 3632 852 3688 rimorum
876 3624 952 3701 apud
975 3623 1099 3679 Graecos
1125 3641 1216 3682 sacro·

182 3720 352 3784 praeterea,
377 3712 455 3788 quod
476 3731 553 3769 sacta
573 3711 685 3768 Cereris
715 3733 786 3771 rum.
804 3741 840 3757 -
856 3713 938 3766 que
952 3718 1047 3767 autem
1060 3709 1222 3783 respondes

183 3789 222 3846 ihi
243 3793 476 3867 celebrabantur3
493 3797 569 3853 unde
596 3795 686 3871 suspi·
715 3816 746 3851 re
769 3796 805 3865 τῷ
831 3796 974 3853 celebrere
1001 3807 1037 3847 ex
1060 3808 1094 3846 eo
1118 3801 1211 3867 patet,

184 3876 244 3931 ceri
265 3876 349 3948 licet,
378 3882 413 3938 ad
438 3881 508 3936 haec
531 3898 607 3937 serm
637 3876 684 3936 vel
715 3880 794 3957 quod
812 3881 947 3937 convivia
969 3877 1085 3936 dicimus
1105 3882 1182 3935 inire.

184 3962 256 4018 feru
273 3962 440 4021 celebrande
456 3966 616 4023 Eleusinem
638 3980 684 4023 ve·
744 3970 787 4024 68.
801 3962 1214 4033 Gnosia-liunus.Crrta,cu·
