2692 4850
300 315 598 395 rursusi
639 292 1022 396 urrrourru
1133 321 1180 403 aa

136 507 167 564 et
186 519 277 566 secum
295 511 455 576 statueret,
473 501 540 561 data
560 504 723 575 occasione,
739 499 835 561 omniu
855 507 996 583 otpertu,
1014 505 1116 586 quihus
1135 511 1176 572 sd

135 602 212 649 tuam
227 590 403 668 voluptatem
424 586 587 666 prirignum
605 586 765 645 adduceret.
848 639 851 644 .

166 677 189 748 ς.
208 681 230 745 72
267 669 477 750 Circumspexit
499 671 596 750 itaque
615 669 753 744 Phaedra
767 672 942 730 occasionem
959 671 1084 753 inpune,
1101 693 1177 754 qnae

132 748 318 833 eogiurerat,
336 753 527 832 exsequendi,
544 774 631 832 quam
648 752 771 812 discessu
788 755 896 813 Thesei
912 758 1006 815 mariti
1025 779 1092 818 mox
1102 777 1179 820 uac-

134 852 164 899 ta
181 852 240 912 est,
256 839 307 917 qui
326 860 391 901 cum
415 835 550 894 Perithoo
569 835 607 894 ad
624 831 790 914 rapiendum
809 858 844 896 ex
865 840 961 898 inseris
977 842 1180 921 Proserpinam·
1276 861 1282 888 i

131 926 273 1000 profectus
290 933 358 979 erat
378 923 508 996 Coniuge
527 919 643 976 ahsente
663 919 738 977 hanc
750 923 927 997 epistolama
944 923 1076 984 Phaedra
1093 928 1181 1006 scrip⁴

131 1013 193 1064 tam·
209 1010 301 1065 Poeta
311 998 403 1083 ¹lingit
422 1005 460 1062 ad
472 1002 668 1080 ¹Hippolytum
694 1025 713 1062 a
732 1005 845 1063 Cereris
866 1008 951 1066 sacris
973 1009 1011 1066 ad
1030 1010 1179 1072 Pittheam

129 1103 290 1162 reversum,
307 1099 460 1167 antequam
480 1088 542 1170 ipsa
558 1085 688 1145 Nouerca
710 1089 877 1146 Troezenett
898 1091 993 1164 venit,
1016 1112 1082 1151 casm
1099 1097 1180 1155 Thea

130 1191 178 1231 seo
199 1185 319 1251 propter
343 1172 458 1230 caedem
479 1168 704 1228 Pallantidarum
728 1185 765 1229 ex
785 1174 879 1231 Attica
902 1173 1021 1253 lugiens.
1114 1173 1116 1182 ⁴
1197 1182 1203 1185 ’

160 1262 185 1333 S.
204 1266 230 1315 8.
265 1255 327 1312 Hac
348 1253 486 1333 epistola,
503 1272 568 1309 cum
588 1253 746 1331 Hippolyto
764 1261 848 1315 suum
864 1279 990 1319 amorem
1007 1262 1177 1338 indicasset,

127 1338 321 1417 speciosisque
352 1336 507 1395 rationibus
530 1336 568 1394 ad
589 1355 654 1394 earn
679 1339 882 1416 perlegendum
906 1340 989 1402 illum
1008 1363 1178 1422 permovere

125 1433 233 1480 conata
250 1429 339 1490 essct,
356 1429 455 1496 turpes
474 1421 504 1475 in
522 1422 633 1492 iuvenis*
649 1421 797 1502 Hippolyti
811 1423 905 1481 animo
928 1427 1053 1486 adlectus
1074 1441 1106 1490 et
1121 1430 1178 1488 ob·

128 1505 235 1583 sequio
259 1513 290 1558 et
311 1501 431 1558 aliorum
462 1502 547 1556 etiam
567 1505 702 1581 exemplis
729 1506 805 1565 ciero
825 1505 975 1570 artificiose
998 1512 1117 1584 nititur,
1146 1527 1177 1576 et

127 1605 168 1649 tre
192 1597 272 1647 metu
293 1584 383 1664 patris
401 1604 418 1641 a
438 1582 561 1639 facinore
579 1590 769 1661 perpetrando
790 1591 1001 1666 deterreretur,
1019 1595 1178 1657 absentium

128 1677 192 1751 ejus
213 1670 319 1728 indicat
336 1687 395 1725 non
417 1674 551 1738 tantum,
573 1666 625 1721 sed
649 1677 679 1723 et
694 1683 805 1744 patrem
826 1674 885 1733 filio
906 1678 937 1735 in
958 1680 1057 1738 odium
1080 1682 1175 1739 addu-

54 1759 57 1764 “
127 1757 173 1816 eit
218 1755 367 1811 Postremo
394 1747 493 1810 miultis
520 1745 867 1831 precihuslliippolytum
894 1760 925 1818 in
953 1781 1037 1820 suum
1062 1765 1177 1843 adjurat

128 1858 265 1901 umorem.

137 1982 141 1996 Ι
161 1930 190 2000 5.
208 1946 232 1999 9.
267 1919 407 1981 movero
431 1917 501 1976 recti
523 1914 700 1993 honestique
716 1917 858 1975 tramitem
878 1933 936 1978 non
954 1923 1079 1984 deseruit
1089 1969 1098 1998 ,
1113 1929 1177 1989 Noa

127 2023 231 2070 vercae
253 2018 284 2065 et
302 2015 376 2063 artes
400 2013 430 2059 et
452 2020 550 2080 preces
571 2012 766 2062 contemnens.
808 2004 903 2076 Quare
922 2001 1053 2062 Phaedra
1076 2010 1175 2083 irrita,

128 2106 208 2169 quae
228 2088 327 2147 molita
348 2088 462 2155 fuerat,
493 2083 673 2158 intelligens,
698 2084 790 2142 scelus
811 2085 915 2143 scelere
936 2085 1096 2147 cumulavit.
1129 2090 1180 2156 Ad

125 2175 278 2235 Theseum
311 2172 387 2229 enim
411 2169 546 2226 reducem
574 2161 761 2245 Hippolytum
785 2167 916 2228 adulterii
944 2188 1028 2228 reum
1054 2169 1174 2246 detulit,

124 2259 262 2319 Theseus
280 2257 375 2332 itaque
397 2249 450 2309 filii
473 2261 594 2309 mortem
624 2265 689 2306 eum
705 2251 859 2329 cogitaret,
878 2250 1069 2332 Hippolytus,
1093 2269 1178 2318 curru

127 2358 305 2410 conscenso,
327 2336 462 2414 aufugere
490 2344 608 2392 conatur
632 2343 694 2405 est,
724 2353 823 2394 verum
844 2347 928 2417 pater
955 2334 993 2395 ab
1015 2355 1069 2397 avo
1097 2335 1177 2418 Nep&

126 2440 202 2487 tuno
224 2422 361 2482 auxilium
382 2420 412 2478 in
431 2421 476 2479 sui
494 2418 630 2477 ultionem
650 2415 820 2496 inploravit,
837 2425 888 2499 qui
909 2416 969 2480 titio
989 2411 1111 2499 phocam
1128 2422 1178 2500 inf'

128 2512 227 2581 misit,
257 2529 315 2586 qus
344 2503 469 2564 exterriti
491 2503 558 2581 equi
583 2502 771 2580 Hippolytum
791 2518 881 2563 *curru
909 2506 1091 2565 deturbatum
1122 2502 1176 2569 sed

128 2588 199 2653 loris
219 2590 379 2670 inpeditum
406 2607 459 2665 per
494 2605 561 2644 sura
584 2594 613 2641 et
639 2587 720 2647 devia
748 2600 914 2660 traxerunt,
948 2590 1057 2666 itaque·
1072 2591 1179 2671 misere

129 2679 345 2756 discerpserunt
379 2669 527 2730 Mortuum
544 2670 575 2727 in
590 2670 679 2730 vitam
704 2671 842 2731 revocavit
860 2672 1053 2751 Aesculapius
1080 2674 1176 2735 Diana

128 2761 163 2819 in
178 2760 289 2819 Itsliam
308 2756 477 2815 translatum
488 2751 642 2832 adpellavit
659 2750 799 2817 virbium.
834 2752 965 2814 Phaedra
981 2754 1089 2819 crimen
1107 2772 1176 2835 trtsrt⁴⁴

127 2844 204 2907 sessa
219 2860 319 2901 necem
337 2841 392 2901 sibi
411 2835 553 2897 conscius
937 2870 940 2875 ·
1174 2858 1175 2861 ¹

132 3092 256 3230 Qus,
279 3122 347 3195 nisi
368 3142 406 3195 tu
427 3118 584 3215 dederis,
608 3129 756 3197 aufirura
777 3145 829 3199 est
848 3132 943 3224 ipsa,
966 3102 1111 3200 salutum

195 3238 309 3308 Mittit
329 3236 518 3305 Amazonio
541 3238 659 3306 Cressa
681 3234 795 3328 puella
817 3238 902 3311 viro,

176 3478 309 3543 Phaedre
332 3477 490 3562 Hippolyto
517 3483 638 3542 salutent
671 3480 721 3557 qui
735 3490 799 3537 tutu
810 3476 942 3541 reddata
962 3474 1036 3544 ritae
1049 3471 1179 3561 periculd

133 3566 285 3646 plurimam
295 3568 369 3627 dicit.
391 3570 433 3625 Ex
444 3568 566 3644 lrocjam
579 3567 642 3645 ple·
674 3573 782 3632 tutum,
802 3584 858 3639 quo
873 3568 933 3644 ipsa
949 3568 1070 3624 caritura
1086 3574 1174 3638 essert

134 3652 318 3728 ncepistolae
329 3652 411 3710 titulo
420 3652 567 3729 intelligas,
575 3671 644 3728 qua·
675 3649 729 3704 nisi
760 3646 807 3703 ille
835 3648 945 3707 dederit
973 3660 1026 3706 etc,
1058 3651 1091 3708 ct
1118 3667 1175 3712 vau

133 3754 167 3793 re
179 3754 219 3793 vs.
230 3756 250 3790 r.
267 3736 397 3794 Phtedra
404 3736 559 3814 Hippolyto
576 3736 641 3792 scri·
671 3730 783 3790 Schelle
799 3739 912 3809 pegus.
930 3733 989 3791 init
1009 3734 1089 3793 Ordo
1099 3738 1175 3796 cnird

135 3815 203 3889 hrt,
222 3819 338 3878 satum
352 3818 455 3888 urittt‘t,
481 3820 499 3877 ia
512 3838 536 3877 e.
555 3813 642 3877 mittit
670 3817 719 3874 hic
745 3824 788 3874 cst
818 3815 949 3875 «Puella
970 3821 1071 3877 Cressa
1091 3827 1179 3881 mouit

136 3901 417 3981 epistoltm,q11ailli
434 3899 641 3985 optatstat'um,
671 3904 792 3964 sautum
818 3904 882 3965 otro
911 3904 1091 3981 Amatam,
1118 3919 1177 3989 qm

717 3988 775 4048 1³2
