2692 4850
267 360 561 432 anaanaa
608 320 1220 478 HIPR'Q,{÷,YY‚2t1·3§tsine-12

114 531 224 637 Saepe
243 547 306 642 enh
328 536 466 611 ilicibus
487 545 679 628 Venerem,
701 513 901 641 ilinyiaqne
924 567 1094 636 creatam,

176 651 344 720 Sustinuit
363 649 490 743 positos
513 646 685 738 quaelihet
706 650 815 721 herba
837 655 934 723 duos.

109 753 207 830 ileeit
227 777 262 826 et
282 752 434 824 Oenides
456 756 493 820 in
515 750 685 823 Maenalia
706 756 876 829 Atalanta.

172 864 237 935 Illa
258 864 350 933 serae
372 863 538 958 spolium,
560 863 685 966 pignus
707 866 851 949 amoris,
874 866 997 938 habet.
1088 896 1150 944 roo

110 969 177 1044 Nos
199 996 339 1063 quoque
360 976 428 1061 jam
449 974 599 1062 primum
621 972 723 1039 turha
742 998 961 1043 numeremur
984 980 1022 1045 iu
1044 981 1119 1049 ista.
1198 1043 1201 1048 ,
1277 1055 1280 1063 ,

173 1078 212 1147 si
233 1080 405 1157 Venerem
429 1081 544 1169 tollas,
566 1081 695 1154 ruatiaa
716 1078 800 1151 silva
821 1100 878 1153 tna
898 1101 959 1173 est.

104 1333 146 1383 V³
169 1329 229 1401 196·
264 1335 295 1385 el
323 1332 435 1424 passim.
469 1332 555 1394 Loers
583 1329 610 1390 d.
641 1338 689 1391 rat
711 1323 796 1386 Oviat
812 1323 928 1385 Metam.
949 1329 1022 1389 L..X
1040 1353 1079 1392 vs
1088 1333 1146 1407 529

104 1427 183 1487 spec.
642 1435 704 1495 aqq
728 1410 822 1470 Bionis
844 1410 975 1490 Epitaph
1000 1416 1146 1478 Adonidis.

142 1499 189 1565 95.
214 1493 331 1551 stamen
368 1496 502 1566 Quamuis
524 1515 610 1559 vena·
675 1518 718 1573 7.
747 1499 838 1572 Saepe
870 1498 1052 1558 subitatos
1087 1504 1148 1561 Ve-

106 1576 197 1633 tionis
216 1575 309 1633 stadio
327 1575 448 1643 deditus,
642 1592 745 1640 auset
770 1577 880 1637 Adonis
898 1598 983 1657 saepe
1000 1582 1054 1639 sub
1077 1586 1146 1644 ilici.

140 1663 214 1718 Noa
234 1660 323 1729 male,
347 1661 390 1717 uti
411 1659 555 1736 oportuit,
571 1663 615 1720 nti
645 1662 699 1719 bare
715 1663 746 1720 iu
767 1664 890 1739 qualibet
910 1662 1019 1734 herba,
1039 1667 1148 1744 ubique

110 1743 214 1801 demit
233 1742 310 1800 Illud
325 1745 400 1801 male
406 1744 523 1820 inquit
531 1744 618 1803 Loers
646 1748 800 1822 jacuerunt
820 1747 863 1803 cf.
884 1746 968 1810 Ouid
983 1749 1063 1808 Aa
1072 1753 1146 1811 LI.

109 1827 266 1895 adhue,
293 1785 486 1905 accipiendum
503 1839 566 1901 est,
584 1838 618 1886 ut
647 1847 688 1887 ve.
702 1833 761 1886 rot.
779 1828 815 1884 ad
829 1847 914 1902 quem
929 1849 969 1889 vs.
986 1832 1082 1891 Burin.
1096 1836 1147 1892 ad-

107 1908 296 1970 Horatianum
320 1910 384 1969 ut
402 1910 495 1987 Od..9
519 1933 560 1971 vs
573 1926 616 1983 aa„
646 1920 767 1968 notata
753 1908 1146 2028 aqualibeteatobviaetiaan

108 1994 236 2073 eDigito
257 1994 331 2052 male
341 1997 512 2072 pertiaaeiss’
546 2000 615 2055 Ma·
646 1993 723 2058 att?

106 2081 133 2138 le
160 2090 272 2137 autern
289 2085 426 2154 partina:
460 2079 500 2138 ita
524 2079 615 2139 inter·
678 2099 735 2157 99
768 2077 858 2137 Arsit
894 2023 1148 2142 Vehementiseirne

107 2170 241 2240 pretatur
263 2160 473 2221 hlitscherlich:
497 2164 614 2235 Minue,
645 2173 677 2225 et
698 2164 862 2240 inpotenter
879 2158 992 2217 amavit.

104 2264 197 2323 quam
218 2241 354 2315 deberet,
379 2255 573 2322 repugnante,
589 2248 616 2306 ti
684 2247 811 2306 Oenides.
836 2243 980 2317 Meleager
998 2239 1074 2300 filius
1090 2244 1149 2301 Oe·
1243 2243 1247 2248 ’

105 2325 249 2386 annulum
269 2327 392 2386 retinere
419 2329 511 2388 vellet
545 2331 614 2407 Ejus
644 2331 710 2401 nei,
727 2327 857 2385 Aetoliae
875 2325 966 2401 regis,
983 2328 1032 2402 qui
1048 2348 1151 2405 aprum

106 2410 234 2488 digitus,
246 2411 477 2491 inquitDoering
494 2413 532 2479 ad
542 2413 571 2472 h.
582 2413 625 2487 1„.
643 2413 774 2471 Aetoliae
795 2428 877 2488 agros
894 2419 1154 2488 vastantematqne.

107 2494 186 2554 haud
208 2495 248 2551 ita
265 2514 458 2573 compressus,
476 2508 509 2554 ut
529 2516 613 2575 aegre
643 2498 778 2569 9111999,
790 2495 938 2553 abOeueo
951 2495 1090 2573 neglecta,
1102 2498 1148 2553 in-

108 2597 142 2638 ex
154 2598 192 2638 eo
206 2577 317 2636 detrahi
330 2580 420 2656 possit
437 2579 568 2641 annulus.
643 2583 760 2640 auissmn
775 2578 932 2649 interfecit,
948 2580 1065 2654 ejusque
1076 2599 1149 2638 exu-

138 2669 183 2738 96.
207 2665 364 2739 Sapientem
377 2673 461 2727 vocat
479 2661 612 2723 Phaedra
643 2663 702 2726 vias
713 2663 864 2721 Atalantae
881 2662 1039 2732 Schoenei,
1059 2667 1158 2722 Arca·-

108 2745 266 2816 Auroram,
283 2746 440 2822 quoniam,
457 2745 556 2806 relicto
566 2766 613 2806 ec·
643 2749 707 2807 diae
721 2747 815 2822 regis,
835 2744 911 2803 filiae
920 2786 929 2816 ,
946 2766 1031 2822 quam
1044 2747 1148 2806 deinde

109 2847 162 2903 ue,
181 2833 316 2906 juvenem
336 2830 458 2908 petebat.
645 2844 764 2889 uxorem
792 2828 894 2897 119911,
915 2829 1018 2886 amoris
1043 2830 1147 2907 pignus

139 2918 170 2973 A
199 2922 395 2975 reae-aira.
428 2916 457 2971 A
486 2912 615 2971 Tithono
645 2913 732 2972 dedit.
768 2909 852 2969 Ovid.
880 2912 994 2968 Metam.
1019 2913 1049 2970 1.
1071 2916 1159 2975 VILL.

110 3000 213 3056 marito
222 3016 308 3071 sene,
319 2997 518 3055 Laomedontis
536 2995 613 3064 lilio,
645 3003 752 3066 vetut.
766 3014 826 3069 sqq.
843 2994 947 3070 Hygini
960 2995 1014 3053 lab.
1028 3001 1145 3071 ¹73·7i·

112 3102 197 3158 quem
212 3082 326 3140 Aurora
338 3081 482 3139 amavitet
499 3090 614 3156 raptum
644 3080 679 3138 es.
697 3090 755 3137 not.
773 3077 810 3133 ad
828 3096 867 3137 vs.
879 3096 921 3151 9²·
938 3080 988 3155 Ep.
1000 3081 1051 3136 111.

109 3166 137 3222 iu
153 3165 237 3224 coelo
262 3161 414 3222 collocavit
447 3158 613 3219 inmortali·
677 3160 826 3221 Maenalia
852 3159 953 3222 dicitur
975 3183 993 3221 a
1014 3165 1147 3228 Maenala

111 3258 198 3307 tatem
214 3248 241 3306 ei
258 3270 276 3307 a
290 3250 361 3306 Jove
376 3246 543 3322 inpetravit,
560 3263 614 3303 nee
643 3245 780 3303 Arcadiae
803 3257 908 3303 monte.

111 3342 208 3390 tamen
226 3330 354 3389 obtinere
377 3328 490 3408 potuit,
507 3346 545 3383 ne
566 3348 612 3386 ae·
677 3330 824 3389 Maenalia
841 3331 989 3388 Atalanta.
1016 3331 1069 3388 Hic
1082 3353 1147 3393 ver·

111 3427 245 3474 nosceret.
279 3416 380 3491 Itaque
405 3411 484 3469 senio
509 3412 614 3471 tractus
644 3431 692 3471 aus
711 3423 824 3489 praeter
839 3415 906 3470 artie
921 3413 1048 3491 poeticae
1058 3414 1146 3490 'leges

109 3496 138 3556 in
159 3498 286 3557 cicadam
309 3508 343 3555 ut
361 3505 519 3556 mutaretur
546 3514 614 3553 exo-
643 3495 1021 3572 terminatur-tetrasyllabo,
1040 3508 1071 3554 et
1084 3501 1148 3574 qui·
1236 3506 1239 3511 '

108 3584 187 3643 ravit
299 3608 303 3617 ·
644 3580 711 3638 dem
735 3583 834 3640 taraco
860 3600 881 3635 a
902 3585 1008 3638 nonore
1020 3622 1029 3652 ,
1055 3580 1173 3656 qualia.

144 3687 187 3739 97.
212 3670 375 3744 Cinyraque
384 3674 517 3727 cteataon.
534 3661 615 3722 Ado·
643 3664 805 3722 Hexarnetri
824 3662 929 3733 exitus,
957 3663 1069 3719 tametsi
1087 3683 1149 3728 non

111 3750 164 3807 nin
190 3749 314 3826 intellige
342 3754 462 3829 Cinyrae
491 3749 614 3827 Cyprio·
644 3749 766 3807 multum
787 3745 1003 3823 pulchritudinis
1021 3745 1145 3819 habeat,

111 3851 176 3888 rum
189 3831 443 3911 regiaetllyrrhae
457 3833 548 3891 lilium
565 3853 614 3892 ue·
643 3832 759 3891 defendi
775 3843 870 3888 tamen
890 3840 1002 3905 potest,
1018 3849 1081 3887 cum
1093 3852 1148 3888 na·

113 3912 200 3977 modi
237 3918 490 3990 studiosissimum,
527 3924 613 3993 quem
643 3920 753 3975 minum
778 3913 958 3994 propriorum
982 3934 1059 3985 usu,
1085 3926 1146 3975 tum

115 4000 217 4065 amavit
234 4001 340 4064 Venus.
375 3960 512 4062 fabuain
530 4021 615 4060 enar·
644 4001 780 4144 exgmglis
796 3999 915 4093 Quam
926 4003 1084 4077 petitarum.
1101 3999 1151 4078 01,
