2692 4850
118 316 180 419 iva
382 322 874 418 prooemia.

123 554 161 615 et
187 534 392 626 rabonus,
424 537 548 637 quihus
578 541 743 638 princeps
767 552 1009 637 argumentum
1031 542 1146 616 credi·

122 664 195 741 bile
227 662 406 753 redditur,
431 669 553 762 poetae
580 690 667 765 opus
693 678 756 739 est.
795 665 902 738 ‘Nihil
931 670 1070 769 jejune,
1095 669 1150 741 ni·

121 791 175 866 hil
196 791 328 865 exiliter
351 789 504 875 dicatur,
531 815 587 863 res
607 817 626 863 a
643 792 750 890 =poeta
766 793 902 892 cognita
923 805 959 865 et
982 807 1147 896 percepta

123 916 405 991 similitudinibus
443 915 677 1017 exemplisque
708 941 782 990 non
818 917 921 1017 longe
956 921 1147 1008 arcessitis,

123 1043 186 1117 sed
204 1042 250 1114 de
269 1042 387 1116 medio
404 1043 528 1116 sumtis
549 1044 573 1115 i.
583 1067 614 1115 e.
640 1042 868 1143 popularibus
891 1058 928 1118 et
945 1059 1067 1145 sponte
1086 1045 1149 1118 ob-

121 1169 187 1242 viis
212 1183 416 1258 exornetur3
451 1166 580 1257 verbo,
615 1195 722 1269 quam
751 1168 945 1244 laetissimis
972 1170 1148 1245 floridissi-

121 1297 256 1397 misque
285 1294 456 1368 coloribus
477 1296 646 1395 pingatur.
695 1296 801 1368 Recte
834 1296 928 1369 enim
953 1296 1147 1371 Simonides

124 1419 219 1521 apud
244 1421 335 1494 Plut.
359 1420 405 1492 de
423 1421 528 1520 gloria
554 1420 679 1494 Athen.
703 1447 783 1521 pag.
798 1421 881 1516 346.
905 1421 971 1499 hs.
1024 1454 1046 1494 n
1073 1425 1151 1495 Pic-

65 1588 70 1601 ·
123 1562 238 1622 turam
255 1549 400 1621 tacitum
421 1555 565 1647 poema,
591 1554 717 1646 poema
745 1572 825 1619 vero
851 1545 1054 1650 loquentem
1077 1552 1151 1649 pie

57 1752 61 1763 ⁸
124 1687 238 1748 turam
265 1699 339 1747 esse
352 1672 369 1705 '’
393 1698 497 1773 quem
525 1670 619 1745 haud
647 1670 755 1744 dubie
782 1686 920 1747 secutus
945 1689 998 1747 est
1024 1681 1152 1748 Auctor

123 1799 312 1874 librorum
333 1798 596 1871 Rhetoricorum
621 1795 666 1867 ad
695 1797 853 1873 Herenn.
878 1804 920 1874 L.
938 1801 1004 1873 lv,
1036 1826 1068 1872 c.
1091 1806 1151 1876 28.

123 1926 154 1998 si
182 1934 326 2026 poema,
362 1926 545 2026 inquiens,
580 1922 724 2024 loquens
756 1926 892 2024 pictura
930 1939 1005 2017 est;
1034 1926 1155 2025 ⁴pictu-

123 2078 162 2124 ra
208 2054 349 2126 tacitum
388 2063 513 2152 poema
548 2049 654 2123 dehet
693 2074 779 2122 esse.
837 2049 995 2125 Addatur
1031 2053 1150 2129 Horat.

123 2175 169 2249 ad
194 2176 266 2251 Pis.
299 2204 348 2252 vs.
365 2178 451 2253 361.
500 2210 522 2251 a
547 2180 600 2254 Ut
629 2177 807 2278 pictum·
826 2177 983 2278 po'e'sis.¹’
1015 2181 1154 2255 Scilicet

124 2301 217 2402 quod
245 2307 393 2403 pictores
415 2300 511 2375 lucis'
530 2304 719 2373 eminentia
742 2318 779 2372 et
803 2304 927 2374 umbra
952 2310 977 2377 i,
1000 2330 1032 2379 e.
1059 2306 1156 2378 colo·
1233 2278 1235 2283 ¹

121 2428 220 2503 ribus
247 2441 327 2526 apte
356 2424 459 2496 illatis
485 2437 681 2526 praestant;
705 2424 744 2497 id
775 2434 900 2525 po'e‘tse
927 2429 1091 2527 epithetis
1117 2443 1154 2502 et

122 2552 333 2654 metaphoris
354 2548 527 2643 efficiunt,
560 2553 600 2625 in
622 2577 770 2650 quarum
800 2551 972 2652 elegantia
1000 2569 1153 2628 versatur
1192 2587 1195 2594 ’

121 2694 194 2755 tota
215 2703 315 2780 saepe
348 2677 511 2753 camnis
539 2676 690 2777 dignitas
713 2692 750 2751 et
780 2693 963 2772 venustas,
986 2694 1152 2780 tanquam

124 2835 204 2884 cum
234 2807 337 2881 rebus
373 2805 573 2888 inanimatis
599 2805 739 2907 vitaque
764 2807 960 2880 carentibus
987 2807 1152 2881 attributa

123 2936 339 3025 viventium
361 2945 397 3006 et
410 2933 560 3005 vicissim
581 2930 739 3007 animatis
766 2935 929 3009 materiae
953 2933 1152 3008 affectiones

124 3059 391 3150 adscribuntur,
416 3061 468 3132 uti
491 3064 777 3158 aquaemanile
801 3062 895 3162 apud
922 3062 1018 3138 hunc
1037 3066 1152 3165 ipsum

124 3186 290 3260 Ovidium
318 3188 388 3286 Ep.
402 3185 434 3257 I.
467 3184 610 3261 Heroid.
636 3213 685 3261 vs.
704 3189 741 3262 6.
779 3213 844 3288 pro
870 3191 959 3263 mari
991 3190 1154 3264 fluetibus

125 3312 248 3437 agitate
269 3325 307 3385 et
333 3309 523 3384 furibundo
550 3310 681 3386 homini
708 3313 831 3408 simili;
863 3316 911 3390 ita
939 3343 991 3392 vs.
1008 3317 1068 3407 54.
1098 3317 1153 3385 lu-

124 3445 250 3514 cunct
274 3438 426 3531 humus,
450 3452 565 3511 sumta
590 3440 796 3539 metaphora
827 3442 871 3513 ab
905 3441 1009 3512 obeso
1044 3443 1154 3514 homi·

124 3589 193 3657 ne,
227 3567 288 3667 qui
323 3563 407 3638 luxu
439 3579 475 3637 et
504 3563 684 3664 voluptate
717 3568 871 3666 corporis
911 3563 1153 3640 habitudinem

125 3694 307 3765 contrait„
355 3691 415 3763 Sic
440 3689 728 3788 vs.58.fer1ercs
754 3689 860 3762 homo
875 3716 938 3792 pro
957 3688 1153 3765 durissima.

123 3816 179 3889 Ita
203 3843 283 3889 cum
312 3844 394 3915 opes
419 3831 584 3919 tanquam
617 3817 747 3890 viscera
777 3815 996 3890 dilaniantur
1017 3844 1066 3893 vs.
1084 3844 1152 3919 90,

126 3956 162 4015 et
192 3942 240 4015 sic
270 3942 307 4016 in
339 3947 507 4018 sexcentis
540 3943 626 4016 aliis.
687 3943 853 4016 Similiter
881 3943 1011 4017 dicitur
1046 3943 1156 4028 herba

126 4072 219 4143 sitire
252 4085 288 4143 et
322 4074 429 4161 mori,
464 4097 551 4171 qsrae
583 4071 693 4142 nimio
722 4069 833 4144 calore
859 4069 1064 4147 flaccescens
1094 4073 1159 4149 im·
