2692 4850
175 338 248 436 ⁹93
371 325 719 396 sussuocu
763 319 1053 430 QUARW

206 521 261 586 Te
282 533 358 584 tuus
379 517 441 586 iste
462 514 575 600 rigor,
596 507 769 600 positique
789 509 865 586 sine
885 519 959 573 arte
980 506 1098 600 capilli
1110 522 1126 599 t'
1186 541 1219 558 m

269 624 316 691 Et
335 621 418 691 levis
439 616 572 704 egregio
592 612 703 704 pulvis
724 614 762 677 in
784 637 844 680 ore
865 609 976 681 decet.
1034 659 1038 664 -

203 731 283 800 Sive
305 727 428 798 ferocis
450 723 530 811 equi
550 720 718 788 luctantia
741 718 828 788 colla
847 744 1027 790 recurvas:
1096 787 1100 798 ,

268 837 398 921 Exiguo
419 830 523 895 flexos
544 828 651 894 miror
672 831 709 892 in
732 830 816 895 orbe
836 827 954 920 pedes.
1202 837 1242 905 80

203 945 271 1015 Seu
292 956 423 1009 vastum
443 931 556 1002 valido
579 951 720 1024 torques
743 933 865 1000 hastile
886 936 1037 1010 lacertos
1070 965 1073 972 ·

184 1053 192 1066 ’
265 1052 339 1132 ,Ort
358 1044 456 1113 ferox
477 1042 516 1107 in
537 1064 573 1109 se
594 1064 690 1110 versa
709 1036 857 1109 lacertus
879 1042 998 1128 habet·

269 1291 414 1364 ‘insultu
438 1312 455 1348 a
476 1288 555 1360 nulla
576 1273 706 1371 tempora
735 1292 793 1349 lam
821 1304 883 1346 esse
906 1286 966 1359 ait,
993 1305 1081 1364 Qum
1097 1291 1159 1352 sins
1182 1294 1244 1353 clm

306 1389 415 1437 conitus
436 1395 495 1432 acu.
738 1385 822 1451 ganto
834 1372 964 1442 scientia,
982 1371 1043 1429 sine
1054 1376 1172 1453 optabili
1181 1399 1242 1438 om·

200 1463 390 1541 Hippolytum
402 1457 555 1526 Phaedra,
573 1476 626 1515 nec
645 1465 707 1514 erat
737 1456 816 1535 poris
839 1468 869 1512 et
896 1455 999 1514 virium
1020 1463 1243 1537 temperatione,

237 1546 311 1603 bne
331 1544 444 1612 cultus,
467 1541 581 1599 amauit
733 1538 799 1596 ¹sine
816 1535 902 1595 laude
916 1551 946 1596 et
963 1539 1096 1618 suffragio
1109 1563 1161 1601 sno
1172 1558 1245 1604 trae*

258 1621 351 1686 'Cura
379 1628 460 1683 Deae
472 1667 481 1696 ,
505 1623 583 1684 siluis
604 1633 708 1702 optus,
740 1634 782 1680 tet
797 1635 827 1681 et
845 1634 982 1681 exemeat.
1019 1625 1143 1695 Oulitur
1161 1627 1207 1686 hic
1226 1656 1243 1690 a

146 1767 154 1785 ,
304 1712 416 1769 Adonis
429 1720 499 1767 erat.
739 1709 808 1766 scita
830 1703 860 1764 et
885 1718 984 1783 arguta
1013 1711 1076 1783 ejus
1099 1715 1246 1787 equitandi

202 1796 361 1853 Munditiae
376 1789 533 1870 placeant”
732 1791 867 1861 'ratione,
892 1810 977 1865 quam
997 1791 1117 1867 pulchre
1140 1797 1248 1858 deseri·

238 1885 334 1938 Amas.
372 1879 479 1935 Poetae
503 1887 623 1933 utuntur
651 1873 708 1932 boc
739 1874 788 1931 bit.
823 1879 988 1932 Recuruaue
1006 1877 1082 1933 colla
1104 1881 1246 1941 luctantia

202 1963 289 2023 sertio
306 1981 370 2019 cum
388 1961 547 2030 infinitivo,
567 1972 601 2016 ut
614 1960 708 2014 Grae·
739 1960 814 2016 idem
829 1968 872 2014 est
895 1975 942 2027 ac,
960 1959 1179 2020 retroflectendo
1199 1987 1247 2025 as-

201 2049 228 2106 oi
250 2053 343 2124 φιλεῖν,
362 2046 397 2102 de
421 2065 452 2102 re
464 2062 566 2120 ,ssquee
587 2043 634 2100 vel
657 2062 706 2099 so·
737 2046 826 2100 duum
847 2043 984 2100 cervicem
1003 2053 1033 2098 ct
1055 2059 1188 2122 argutum
1206 2052 1247 2107 si·

201 2136 241 2191 let
261 2132 323 2187 fieri
340 2130 387 2187 vel
407 2146 472 2186 cum
491 2133 589 2207 gratio
610 2128 652 2183 fit.
669 2127 706 2185 Y.
737 2146 773 2185 se
794 2124 881 2181 breve
904 2136 991 2201 caput
1009 2129 1140 2201 efficere,
1169 2147 1247 2209 eptae·

202 2215 314 2277 Vecbu.
341 2211 481 2278 Hellenol.
511 2213 540 2268 L.
561 2212 598 2270 11.
635 2229 658 2270 e
683 2231 706 2266 a.
738 2209 829 2266 forma
859 2227 1000 2283 equorum
1020 2222 1064 2268 est
1083 2215 1245 2291 pulcherri-

202 2306 284 2378 (pag.
304 2318 340 2354 m.
360 2296 442 2365 255.)
458 2295 537 2352 Ond.
740 2313 794 2348 ma.
830 2292 914 2349 Colla
941 2295 1080 2355 lmtantia
1108 2315 1170 2355 esse
1196 2319 1244 2357 so-

237 2401 278 2453 ·77.
306 2384 407 2457 Rigors
435 2376 583 2451 Asperitas
611 2373 641 2431 iu
663 2393 707 2432 ns·
738 2374 799 2430 tent
809 2375 925 2450 ferocis
949 2379 1034 2454 equi,
1055 2382 1149 2452 'aei-is,
1181 2383 1242 2440 ani.

200 2478 294 2545 pectu.
323 2461 446 2517 nubem
479 2460 539 2515 Hac
556 2452 707 2515 iteratione
738 2460 825 2528 mosi,
851 2472 881 2516 et
897 2464 992 2519 fronte
1012 2482 1063 2520 sua
1087 2465 1244 2528 identidem

200 2546 332 2608 vocabuli
352 2546 457 2622 rigoris
473 2542 603 2599 emollire
625 2541 706 2598 duri·
737 2542 816 2611 siena
837 2542 1018 2617 lucescentis,
1036 2550 1116 2622 cujus
1132 2552 1247 2627 eguegia

199 2632 269 2688 ticm
290 2628 437 2701 lenireque
460 2625 640 2683 acerbitatem
660 2647 707 2683 su·
738 2625 889 2703 descriptio
922 2643 1019 2697 exstat.
1042 2632 1119 2705 apud
1153 2636 1244 2693 Ovid.

108 2759 118 2768 .
200 2711 320 2793 perioris
337 2709 434 2787 judicii
453 2710 565 2780 studet,
582 2710 705 2783 ideoque
722 2712 800 2767 -Aua
818 2712 849 2771 L
860 2714 908 2773 ill.
928 2714 968 2769 El.
985 2723 1006 2782 t.
1027 2732 1065 2770 ss.
1082 2717 1122 2770 13.
1141 2716 1205 2773 Sax.

200 2798 307 2855 mitiori
325 2815 428 2865 sensu,
446 2813 532 2871 quam
549 2803 615 2850 ante
635 2799 708 2873 rigi·
773 2803 814 2852 8⁰.
844 2799 1057 2873 Exiguostesos
1078 2810 1131 2855 etc.
1155 2805 1246 2863 Flet-i

200 2882 254 2938 dtis
271 2872 344 2937 sumi
359 2877 444 2935 <lebet
455 2896 510 2955 pm
525 2884 709 2958 grautattet
733 2883 820 2957 pedes
850 2886 950 2957 exiguo
975 2886 1005 2936 io
1025 2884 1094 2940 orbe
1117 2898 1185 2941 sunt
1211 2890 1244 2948 in

200 2970 359 3024 severitate.
377 2963 440 3019 sin
738 2967 836 3021 orbem
853 2977 882 3021 ct
901 2986 999 3041 gyrum
1023 2968 1116 3043 perite
1138 2987 1243 3030 curva.

142 3114 144 3119 ,
238 3056 279 3118 78.
301 3042 524 3124 Levis-puduit
543 3051 574 3105 itt
592 3066 645 3108 ore
663 3060 707 3107 est
738 3049 775 3120 ti,
794 3050 893 3125 quales
908 3051 939 3106 in
955 3054 1034 3127 equis
1047 3052 1244 3128 efficerepos-

196 3129 361 3208 ejusmodi,
380 3131 478 3207 quiin
495 3130 580 3188 celcri
597 3135 706 3209 pedum
738 3144 823 3204 sunt,
847 3135 897 3211 qui
926 3147 1088 3212 opportuna
1116 3138 1189 3194 freni
1212 3151 1244 3195 et

198 3227 301 3287 motu,
319 3214 378 3274 sive
396 3216 537 3273 currendo
548 3217 607 3275 sive
622 3219 706 3293 equi-
737 3236 804 3274 mox
826 3217 919 3275 dextri
942 3239 1010 3276 mox
1029 3224 1134 3279 sinistri
1153 3225 1245 3282 cruris

199 3299 288 3356 tando
308 3299 442 3355 excitatus
457 3300 487 3355 in
506 3313 584 3357 veste
597 3312 627 3358 et
640 3303 706 3361 vul-
737 3300 894 3360 mobilitate
912 3306 942 3360 in
954 3302 1027 3360 hnne
1045 3306 1158 3366 illamve
1174 3327 1243 3384 par·

197 3391 233 3438 tu
255 3382 376 3440 subinde
398 3383 562 3459 colligitur,
591 3386 707 3462 qualem
737 3395 918 3445 tcmvcrsare
932 3406 980 3443 eos
992 3386 1161 3448 didicerunt
1179 3392 1242 3448 Sex.

198 3466 322 3523 Narcisei
349 3478 383 3523 ut
412 3469 559 3524 sordidum
590 3468 706 3546 elegan-
783 3479 826 3527 81.
855 3474 1001 3547 Torquet,
1028 3469 1122 3545 ipsum
1149 3475 1242 3553 expli-

195 3550 313 3628 tiaeque
342 3550 487 3625 inimicum
518 3552 704 3610 curiosissime
736 3564 779 3611 cat
810 3554 929 3627 jaciendi
955 3564 1056 3609 actum.
1092 3555 1242 3615 Jaeichan·

196 3633 329 3709 fugiunt,
346 3636 409 3696 Viri
421 3636 640 3712 nouindignum
652 3658 704 3695 sua
736 3649 782 3692 tur
800 3636 898 3691 hastae
923 3654 1028 3703 manu,
1057 3646 1106 3706 et,
1124 3650 1158 3694 ut
1182 3643 1241 3698 sor-

199 3732 319 3789 personu
339 3720 471 3792 judicant
490 3720 551 3775 Sax.
735 3718 1018 3795 tiusinpellerentur,
1036 3733 1164 3796 ament03
1176 3727 1241 3782 hinc

173 3811 176 3815 ’
235 3819 276 3871 79.
298 3806 364 3860 Sive
378 3788 429 3861 etti
455 3798 611 3859 Enumerat
628 3822 703 3858 utine
734 3801 915 3860 brachiorum
941 3806 1036 3865 nervis
1071 3818 1101 3863 et
1136 3809 1240 3865 roboue

199 3876 329 3940 Phaedra
369 3888 479 3964 aliquot
519 3887 703 3963 gymnasticae
734 3898 795 3943 crat
814 3908 893 3963 opus„
928 3889 1000 3945 Inde
1018 3893 1100 3949 tortis
1120 3892 1240 3950 subinde

195 3964 344 4047 Hippolyti
360 3981 451 4051 artes,
473 3972 618 4051 inquibus
635 3971 702 4030 nul·
735 3983 763 4031 et
791 3973 911 4035 excussis
942 3973 1090 4038 hastilibus
1127 3980 1241 4037 validos
